period,stateid,stateDescription,sectorid,sectorName,customers,price,revenue,sales,customers-units,price-units,revenue-units,sales-units
2024-09,MA,Massachusetts,ALL,all sectors,3248037,23.74,930.07707,3918.28526,number of customers,cents per kilowatt-hour,million dollars,million kilowatt hours
2024-09,MA,Massachusetts,TRA,transportation,2,8.72,2.06112,23.64832,number of customers,cents per kilowatt-hour,million dollars,million kilowatt hours
2024-09,MA,Massachusetts,RES,residential,2818916,29.17,462.91004,1587.17566,number of customers,cents per kilowatt-hour,million dollars,million kilowatt hours
2024-09,MA,Massachusetts,OTH,other,,,,,number of customers,cents per kilowatt-hour,million dollars,million kilowatt hours
2024-09,MA,Massachusetts,IND,industrial,10135,18.03,85.17674,472.45947,number of customers,cents per kilowatt-hour,million dollars,million kilowatt hours
2024-09,MA,Massachusetts,COM,commercial,418984,20.7,379.92917,1835.00181,number of customers,cents per kilowatt-hour,million dollars,million kilowatt hours
2024-08,MA,Massachusetts,ALL,all sectors,3362703,24.24,1057.85365,4364.80694,number of customers,cents per kilowatt-hour,million dollars,million kilowatt hours
2024-08,MA,Massachusetts,TRA,transportation,2,8.68,2.05922,23.72762,number of customers,cents per kilowatt-hour,million dollars,million kilowatt hours
2024-08,MA,Massachusetts,RES,residential,2930442,29.42,555.7019,1888.69875,number of customers,cents per kilowatt-hour,million dollars,million kilowatt hours
2024-08,MA,Massachusetts,OTH,other,,,,,number of customers,cents per kilowatt-hour,million dollars,million kilowatt hours
2024-08,MA,Massachusetts,IND,industrial,10122,17.97,90.59128,504.05323,number of customers,cents per kilowatt-hour,million dollars,million kilowatt hours
2024-08,MA,Massachusetts,COM,commercial,422137,21.02,409.50125,1948.32733,number of customers,cents per kilowatt-hour,million dollars,million kilowatt hours
2024-07,MA,Massachusetts,ALL,all sectors,3409533,24.11,1111.4762,4610.67397,number of customers,cents per kilowatt-hour,million dollars,million kilowatt hours
2024-07,MA,Massachusetts,TRA,transportation,2,8.76,2.1142,24.12523,number of customers,cents per kilowatt-hour,million dollars,million kilowatt hours
2024-07,MA,Massachusetts,RES,residential,2958379,28.76,593.02694,2062.02961,number of customers,cents per kilowatt-hour,million dollars,million kilowatt hours
2024-07,MA,Massachusetts,OTH,other,,,,,number of customers,cents per kilowatt-hour,million dollars,million kilowatt hours
2024-07,MA,Massachusetts,IND,industrial,10121,18.33,91.19774,497.47938,number of customers,cents per kilowatt-hour,million dollars,million kilowatt hours
2024-07,MA,Massachusetts,COM,commercial,441031,20.97,425.13732,2027.03975,number of customers,cents per kilowatt-hour,million dollars,million kilowatt hours
2024-06,MA,Massachusetts,IND,industrial,9850,18.05,87.30182,483.74038,number of customers,cents per kilowatt-hour,million dollars,million kilowatt hours
2024-06,MA,Massachusetts,COM,commercial,435469,20.82,400.05876,1921.74883,number of customers,cents per kilowatt-hour,million dollars,million kilowatt hours
2024-06,MA,Massachusetts,ALL,all sectors,3279632,23.35,947.50929,4058.63919,number of customers,cents per kilowatt-hour,million dollars,million kilowatt hours
2024-06,MA,Massachusetts,TRA,transportation,2,9.04,2.11656,23.41508,number of customers,cents per kilowatt-hour,million dollars,million kilowatt hours
2024-06,MA,Massachusetts,RES,residential,2834311,28.1,458.03215,1629.73491,number of customers,cents per kilowatt-hour,million dollars,million kilowatt hours
2024-06,MA,Massachusetts,OTH,other,,,,,number of customers,cents per kilowatt-hour,million dollars,million kilowatt hours
2024-05,MA,Massachusetts,ALL,all sectors,3341248,23.21,883.14146,3805.05679,number of customers,cents per kilowatt-hour,million dollars,million kilowatt hours
2024-05,MA,Massachusetts,TRA,transportation,2,8.74,2.0472,23.42543,number of customers,cents per kilowatt-hour,million dollars,million kilowatt hours
2024-05,MA,Massachusetts,RES,residential,2884586,28.64,414.39837,1446.74997,number of customers,cents per kilowatt-hour,million dollars,million kilowatt hours
2024-05,MA,Massachusetts,OTH,other,,,,,number of customers,cents per kilowatt-hour,million dollars,million kilowatt hours
2024-05,MA,Massachusetts,IND,industrial,9901,17.46,81.7064,467.91829,number of customers,cents per kilowatt-hour,million dollars,million kilowatt hours
2024-05,MA,Massachusetts,COM,commercial,446759,20.62,384.98948,1866.9631,number of customers,cents per kilowatt-hour,million dollars,million kilowatt hours
2024-04,MA,Massachusetts,ALL,all sectors,3343119,23.18,881.28775,3802.64862,number of customers,cents per kilowatt-hour,million dollars,million kilowatt hours
2024-04,MA,Massachusetts,TRA,transportation,2,9.38,2.13315,22.7299,number of customers,cents per kilowatt-hour,million dollars,million kilowatt hours
2024-04,MA,Massachusetts,COM,commercial,447993,19.66,365.37154,1858.53312,number of customers,cents per kilowatt-hour,million dollars,million kilowatt hours
2024-04,MA,Massachusetts,IND,industrial,10183,17.76,79.38376,446.97716,number of customers,cents per kilowatt-hour,million dollars,million kilowatt hours
2024-04,MA,Massachusetts,OTH,other,,,,,number of customers,cents per kilowatt-hour,million dollars,million kilowatt hours
2024-04,MA,Massachusetts,RES,residential,2884941,29.46,434.3993,1474.40845,number of customers,cents per kilowatt-hour,million dollars,million kilowatt hours
2024-03,MA,Massachusetts,ALL,all sectors,3418064,23.88,983.64649,4118.8223,number of customers,cents per kilowatt-hour,million dollars,million kilowatt hours
2024-03,MA,Massachusetts,TRA,transportation,2,9.4,2.31721,24.64465,number of customers,cents per kilowatt-hour,million dollars,million kilowatt hours
2024-03,MA,Massachusetts,RES,residential,2941671,29.6,493.52042,1667.32748,number of customers,cents per kilowatt-hour,million dollars,million kilowatt hours
2024-03,MA,Massachusetts,OTH,other,,,,,number of customers,cents per kilowatt-hour,million dollars,million kilowatt hours
2024-03,MA,Massachusetts,IND,industrial,10192,17.92,81.2717,453.43419,number of customers,cents per kilowatt-hour,million dollars,million kilowatt hours
2024-03,MA,Massachusetts,COM,commercial,466199,20.6,406.53716,1973.41598,number of customers,cents per kilowatt-hour,million dollars,million kilowatt hours
2024-02,MA,Massachusetts,ALL,all sectors,3416136,24.17,1019.98795,4220.39347,number of customers,cents per kilowatt-hour,million dollars,million kilowatt hours
2024-02,MA,Massachusetts,TRA,transportation,2,9.54,2.37656,24.91793,number of customers,cents per kilowatt-hour,million dollars,million kilowatt hours
2024-02,MA,Massachusetts,RES,residential,2943223,29.21,514.0744,1759.65785,number of customers,cents per kilowatt-hour,million dollars,million kilowatt hours
2024-02,MA,Massachusetts,OTH,other,,,,,number of customers,cents per kilowatt-hour,million dollars,million kilowatt hours
2024-02,MA,Massachusetts,IND,industrial,10576,17.98,80.39257,447.08361,number of customers,cents per kilowatt-hour,million dollars,million kilowatt hours
2024-02,MA,Massachusetts,COM,commercial,462335,21.28,423.14442,1988.73408,number of customers,cents per kilowatt-hour,million dollars,million kilowatt hours
2024-01,MA,Massachusetts,ALL,all sectors,3360106,23.89,1079.24153,4516.8097,number of customers,cents per kilowatt-hour,million dollars,million kilowatt hours
2024-01,MA,Massachusetts,TRA,transportation,2,9.83,2.69082,27.38017,number of customers,cents per kilowatt-hour,million dollars,million kilowatt hours
2024-01,MA,Massachusetts,RES,residential,2899397,28.39,538.00017,1894.70404,number of customers,cents per kilowatt-hour,million dollars,million kilowatt hours
2024-01,MA,Massachusetts,OTH,other,,,,,number of customers,cents per kilowatt-hour,million dollars,million kilowatt hours
2024-01,MA,Massachusetts,IND,industrial,11219,18.65,92.09756,493.93084,number of customers,cents per kilowatt-hour,million dollars,million kilowatt hours
2024-01,MA,Massachusetts,COM,commercial,449488,21.25,446.45298,2100.79465,number of customers,cents per kilowatt-hour,million dollars,million kilowatt hours
2023-12,MA,Massachusetts,ALL,all sectors,3353826,23.1,927.81839,4017.08953,number of customers,cents per kilowatt-hour,million dollars,million kilowatt hours
2023-12,MA,Massachusetts,TRA,transportation,2,6.94,1.70412,24.57242,number of customers,cents per kilowatt-hour,million dollars,million kilowatt hours
2023-12,MA,Massachusetts,RES,residential,2888760,28.94,464.87064,1606.24774,number of customers,cents per kilowatt-hour,million dollars,million kilowatt hours
2023-12,MA,Massachusetts,OTH,other,,,,,number of customers,cents per kilowatt-hour,million dollars,million kilowatt hours
2023-12,MA,Massachusetts,IND,industrial,10354,17.66,82.7302,468.39194,number of customers,cents per kilowatt-hour,million dollars,million kilowatt hours
2023-12,MA,Massachusetts,COM,commercial,454710,19.74,378.51343,1917.87744,number of customers,cents per kilowatt-hour,million dollars,million kilowatt hours
2023-11,MA,Massachusetts,ALL,all sectors,3363641,22.34,857.76613,3839.33358,number of customers,cents per kilowatt-hour,million dollars,million kilowatt hours
2023-11,MA,Massachusetts,TRA,transportation,2,6.6,1.46014,22.13841,number of customers,cents per kilowatt-hour,million dollars,million kilowatt hours
2023-11,MA,Massachusetts,RES,residential,2899569,28.41,399.08158,1404.55382,number of customers,cents per kilowatt-hour,million dollars,million kilowatt hours
2023-11,MA,Massachusetts,OTH,other,,,,,number of customers,cents per kilowatt-hour,million dollars,million kilowatt hours
2023-11,MA,Massachusetts,IND,industrial,10573,17.67,89.13308,504.5017,number of customers,cents per kilowatt-hour,million dollars,million kilowatt hours
2023-11,MA,Massachusetts,COM,commercial,453497,19.29,368.09134,1908.13965,number of customers,cents per kilowatt-hour,million dollars,million kilowatt hours
2023-10,MA,Massachusetts,ALL,all sectors,3363507,22.02,857.95015,3896.03899,number of customers,cents per kilowatt-hour,million dollars,million kilowatt hours
2023-10,MA,Massachusetts,TRA,transportation,2,6.65,1.38723,20.87525,number of customers,cents per kilowatt-hour,million dollars,million kilowatt hours
2023-10,MA,Massachusetts,RES,residential,2901089,28.19,390.0078,1383.58273,number of customers,cents per kilowatt-hour,million dollars,million kilowatt hours
2023-10,MA,Massachusetts,OTH,other,,,,,number of customers,cents per kilowatt-hour,million dollars,million kilowatt hours
2023-10,MA,Massachusetts,IND,industrial,10532,17.47,88.07423,504.14108,number of customers,cents per kilowatt-hour,million dollars,million kilowatt hours
2023-10,MA,Massachusetts,COM,commercial,451884,19.04,378.48089,1987.43993,number of customers,cents per kilowatt-hour,million dollars,million kilowatt hours
2023-09,MA,Massachusetts,ALL,all sectors,3329422,22.22,1004.12517,4519.58286,number of customers,cents per kilowatt-hour,million dollars,million kilowatt hours
2023-09,MA,Massachusetts,TRA,transportation,2,6.79,1.43343,21.1177,number of customers,cents per kilowatt-hour,million dollars,million kilowatt hours
2023-09,MA,Massachusetts,RES,residential,2871766,28.18,499.26434,1771.68105,number of customers,cents per kilowatt-hour,million dollars,million kilowatt hours
2023-09,MA,Massachusetts,OTH,other,,,,,number of customers,cents per kilowatt-hour,million dollars,million kilowatt hours
2023-09,MA,Massachusetts,IND,industrial,10515,17.44,92.24196,528.94212,number of customers,cents per kilowatt-hour,million dollars,million kilowatt hours
2023-09,MA,Massachusetts,COM,commercial,447139,18.71,411.18544,2197.842,number of customers,cents per kilowatt-hour,million dollars,million kilowatt hours
2023-08,MA,Massachusetts,ALL,all sectors,3350451,22.32,1093.89775,4899.93374,number of customers,cents per kilowatt-hour,million dollars,million kilowatt hours
2023-08,MA,Massachusetts,TRA,transportation,2,6.75,1.498,22.20821,number of customers,cents per kilowatt-hour,million dollars,million kilowatt hours
2023-08,MA,Massachusetts,RES,residential,2890134,28.02,570.27156,2035.08664,number of customers,cents per kilowatt-hour,million dollars,million kilowatt hours
2023-08,MA,Massachusetts,OTH,other,,,,,number of customers,cents per kilowatt-hour,million dollars,million kilowatt hours
2023-08,MA,Massachusetts,IND,industrial,10517,17.67,94.86899,537.04429,number of customers,cents per kilowatt-hour,million dollars,million kilowatt hours
2023-08,MA,Massachusetts,COM,commercial,449798,18.53,427.2592,2305.59459,number of customers,cents per kilowatt-hour,million dollars,million kilowatt hours
2023-07,MA,Massachusetts,ALL,all sectors,3349222,22.08,1103.56341,4997.71374,number of customers,cents per kilowatt-hour,million dollars,million kilowatt hours
2023-07,MA,Massachusetts,TRA,transportation,2,6.62,1.87207,28.26963,number of customers,cents per kilowatt-hour,million dollars,million kilowatt hours
2023-07,MA,Massachusetts,RES,residential,2889107,27.43,554.37336,2021.1935,number of customers,cents per kilowatt-hour,million dollars,million kilowatt hours
2023-07,MA,Massachusetts,OTH,other,,,,,number of customers,cents per kilowatt-hour,million dollars,million kilowatt hours
2023-07,MA,Massachusetts,IND,industrial,10556,17.94,102.9742,574.118,number of customers,cents per kilowatt-hour,million dollars,million kilowatt hours
2023-07,MA,Massachusetts,COM,commercial,449557,18.72,444.34378,2374.13261,number of customers,cents per kilowatt-hour,million dollars,million kilowatt hours
2023-06,MA,Massachusetts,ALL,all sectors,3343279,21.99,882.83532,4013.95581,number of customers,cents per kilowatt-hour,million dollars,million kilowatt hours
2023-06,MA,Massachusetts,TRA,transportation,2,7.28,1.55016,21.30257,number of customers,cents per kilowatt-hour,million dollars,million kilowatt hours
2023-06,MA,Massachusetts,RES,residential,2884572,27.52,399.20123,1450.48232,number of customers,cents per kilowatt-hour,million dollars,million kilowatt hours
2023-06,MA,Massachusetts,OTH,other,,,,,number of customers,cents per kilowatt-hour,million dollars,million kilowatt hours
2023-06,MA,Massachusetts,IND,industrial,10421,17.5,93.80611,536.08779,number of customers,cents per kilowatt-hour,million dollars,million kilowatt hours
2023-06,MA,Massachusetts,COM,commercial,448284,19.36,388.27783,2006.08313,number of customers,cents per kilowatt-hour,million dollars,million kilowatt hours
2023-05,MA,Massachusetts,ALL,all sectors,3333324,21.64,796.87864,3683.06613,number of customers,cents per kilowatt-hour,million dollars,million kilowatt hours
2023-05,MA,Massachusetts,TRA,transportation,2,7.51,1.61817,21.55716,number of customers,cents per kilowatt-hour,million dollars,million kilowatt hours
2023-05,MA,Massachusetts,RES,residential,2876212,29.39,380.69536,1295.38039,number of customers,cents per kilowatt-hour,million dollars,million kilowatt hours
2023-05,MA,Massachusetts,OTH,other,,,,,number of customers,cents per kilowatt-hour,million dollars,million kilowatt hours
2023-05,MA,Massachusetts,IND,industrial,10476,17.6,87.07239,494.63261,number of customers,cents per kilowatt-hour,million dollars,million kilowatt hours
2023-05,MA,Massachusetts,COM,commercial,446634,17.5,327.49272,1871.49597,number of customers,cents per kilowatt-hour,million dollars,million kilowatt hours
2023-04,MA,Massachusetts,ALL,all sectors,3274940,24.95,896.24585,3591.95794,number of customers,cents per kilowatt-hour,million dollars,million kilowatt hours
2023-04,MA,Massachusetts,TRA,transportation,2,7.5,1.62291,21.64179,number of customers,cents per kilowatt-hour,million dollars,million kilowatt hours
2023-04,MA,Massachusetts,RES,residential,2877148,32.36,433.66128,1340.13275,number of customers,cents per kilowatt-hour,million dollars,million kilowatt hours
2023-04,MA,Massachusetts,OTH,other,,,,,number of customers,cents per kilowatt-hour,million dollars,million kilowatt hours
2023-04,MA,Massachusetts,IND,industrial,10415,17.55,82.36616,469.33581,number of customers,cents per kilowatt-hour,million dollars,million kilowatt hours
2023-04,MA,Massachusetts,COM,commercial,387375,21.5,378.5955,1760.84759,number of customers,cents per kilowatt-hour,million dollars,million kilowatt hours
2023-03,MA,Massachusetts,ALL,all sectors,3341330,24.9,1013.07626,4068.23703,number of customers,cents per kilowatt-hour,million dollars,million kilowatt hours
2023-03,MA,Massachusetts,TRA,transportation,2,7.27,1.8054,24.84037,number of customers,cents per kilowatt-hour,million dollars,million kilowatt hours
2023-03,MA,Massachusetts,RES,residential,2880009,32.72,518.5008,1584.82827,number of customers,cents per kilowatt-hour,million dollars,million kilowatt hours
2023-03,MA,Massachusetts,OTH,other,,,,,number of customers,cents per kilowatt-hour,million dollars,million kilowatt hours
2023-03,MA,Massachusetts,IND,industrial,10793,18.14,90.45079,498.53349,number of customers,cents per kilowatt-hour,million dollars,million kilowatt hours
2023-03,MA,Massachusetts,COM,commercial,450526,20.53,402.31927,1960.0349,number of customers,cents per kilowatt-hour,million dollars,million kilowatt hours
2023-02,MA,Massachusetts,ALL,all sectors,3342322,25.77,1058.22051,4105.90217,number of customers,cents per kilowatt-hour,million dollars,million kilowatt hours
2023-02,MA,Massachusetts,TRA,transportation,2,8.65,2.1142,24.44152,number of customers,cents per kilowatt-hour,million dollars,million kilowatt hours
2023-02,MA,Massachusetts,RES,residential,2889555,32.56,537.87903,1652.20525,number of customers,cents per kilowatt-hour,million dollars,million kilowatt hours
2023-02,MA,Massachusetts,OTH,other,,,,,number of customers,cents per kilowatt-hour,million dollars,million kilowatt hours
2023-02,MA,Massachusetts,IND,industrial,10554,19.1,91.76255,480.52348,number of customers,cents per kilowatt-hour,million dollars,million kilowatt hours
2023-02,MA,Massachusetts,COM,commercial,442211,21.88,426.46474,1948.73192,number of customers,cents per kilowatt-hour,million dollars,million kilowatt hours
2023-01,MA,Massachusetts,ALL,all sectors,3343232,25.44,1114.17208,4379.15247,number of customers,cents per kilowatt-hour,million dollars,million kilowatt hours
2023-01,MA,Massachusetts,TRA,transportation,2,7.2,1.90005,26.38097,number of customers,cents per kilowatt-hour,million dollars,million kilowatt hours
2023-01,MA,Massachusetts,RES,residential,2886490,32.19,586.07717,1820.45053,number of customers,cents per kilowatt-hour,million dollars,million kilowatt hours
2023-01,MA,Massachusetts,OTH,other,,,,,number of customers,cents per kilowatt-hour,million dollars,million kilowatt hours
2023-01,MA,Massachusetts,IND,industrial,10432,18.94,93.7383,494.9737,number of customers,cents per kilowatt-hour,million dollars,million kilowatt hours
2023-01,MA,Massachusetts,COM,commercial,446308,21.23,432.45656,2037.34728,number of customers,cents per kilowatt-hour,million dollars,million kilowatt hours
2022-12,MA,Massachusetts,ALL,all sectors,3288191,23.55,980.7547,4163.69521,number of customers,cents per kilowatt-hour,million dollars,million kilowatt hours
2022-12,MA,Massachusetts,TRA,transportation,2,7.84,2.00336,25.55445,number of customers,cents per kilowatt-hour,million dollars,million kilowatt hours
2022-12,MA,Massachusetts,RES,residential,2842637,30.64,499.69706,1630.96378,number of customers,cents per kilowatt-hour,million dollars,million kilowatt hours
2022-12,MA,Massachusetts,OTH,other,,,,,number of customers,cents per kilowatt-hour,million dollars,million kilowatt hours
2022-12,MA,Massachusetts,IND,industrial,10425,17.78,89.98599,506.12216,number of customers,cents per kilowatt-hour,million dollars,million kilowatt hours
2022-12,MA,Massachusetts,COM,commercial,435127,19.44,389.06829,2001.05483,number of customers,cents per kilowatt-hour,million dollars,million kilowatt hours
2022-11,MA,Massachusetts,ALL,all sectors,3331143,21.79,822.7373,3775.16448,number of customers,cents per kilowatt-hour,million dollars,million kilowatt hours
2022-11,MA,Massachusetts,COM,commercial,439898,18.68,352.19594,1885.29638,number of customers,cents per kilowatt-hour,million dollars,million kilowatt hours
2022-11,MA,Massachusetts,IND,industrial,10512,16.83,82.58637,490.73374,number of customers,cents per kilowatt-hour,million dollars,million kilowatt hours
2022-11,MA,Massachusetts,OTH,other,,,,,number of customers,cents per kilowatt-hour,million dollars,million kilowatt hours
2022-11,MA,Massachusetts,RES,residential,2880731,28.07,386.58797,1377.07796,number of customers,cents per kilowatt-hour,million dollars,million kilowatt hours
2022-11,MA,Massachusetts,TRA,transportation,2,6.2,1.36702,22.0564,number of customers,cents per kilowatt-hour,million dollars,million kilowatt hours
2022-10,MA,Massachusetts,ALL,all sectors,3354538,21.25,824.81277,3881.12466,number of customers,cents per kilowatt-hour,million dollars,million kilowatt hours
2022-10,MA,Massachusetts,TRA,transportation,2,6.38,1.33597,20.95326,number of customers,cents per kilowatt-hour,million dollars,million kilowatt hours
2022-10,MA,Massachusetts,RES,residential,2905488,26.15,378.44831,1447.26959,number of customers,cents per kilowatt-hour,million dollars,million kilowatt hours
2022-10,MA,Massachusetts,OTH,other,,,,,number of customers,cents per kilowatt-hour,million dollars,million kilowatt hours
2022-10,MA,Massachusetts,IND,industrial,10529,17.09,85.77684,501.92333,number of customers,cents per kilowatt-hour,million dollars,million kilowatt hours
2022-10,MA,Massachusetts,COM,commercial,438519,18.8,359.25165,1910.97848,number of customers,cents per kilowatt-hour,million dollars,million kilowatt hours
2022-09,MA,Massachusetts,ALL,all sectors,3371232,22.51,1008.31485,4479.09276,number of customers,cents per kilowatt-hour,million dollars,million kilowatt hours
2022-09,MA,Massachusetts,COM,commercial,438057,19.61,424.78282,2166.38501,number of customers,cents per kilowatt-hour,million dollars,million kilowatt hours
2022-09,MA,Massachusetts,IND,industrial,10602,17.85,89.82052,503.08202,number of customers,cents per kilowatt-hour,million dollars,million kilowatt hours
2022-09,MA,Massachusetts,OTH,other,,,,,number of customers,cents per kilowatt-hour,million dollars,million kilowatt hours
2022-09,MA,Massachusetts,RES,residential,2922571,27.56,492.16977,1785.82224,number of customers,cents per kilowatt-hour,million dollars,million kilowatt hours
2022-09,MA,Massachusetts,TRA,transportation,2,6.48,1.54174,23.80349,number of customers,cents per kilowatt-hour,million dollars,million kilowatt hours
2022-08,MA,Massachusetts,ALL,all sectors,3522169,22.17,1125.01781,5075.29851,number of customers,cents per kilowatt-hour,million dollars,million kilowatt hours
2022-08,MA,Massachusetts,TRA,transportation,2,7.18,1.68796,23.51724,number of customers,cents per kilowatt-hour,million dollars,million kilowatt hours
2022-08,MA,Massachusetts,RES,residential,3072747,26.46,564.08652,2131.69953,number of customers,cents per kilowatt-hour,million dollars,million kilowatt hours
2022-08,MA,Massachusetts,OTH,other,,,,,number of customers,cents per kilowatt-hour,million dollars,million kilowatt hours
2022-08,MA,Massachusetts,IND,industrial,10566,18.41,100.21285,544.29951,number of customers,cents per kilowatt-hour,million dollars,million kilowatt hours
2022-08,MA,Massachusetts,COM,commercial,438854,19.32,459.03048,2375.78223,number of customers,cents per kilowatt-hour,million dollars,million kilowatt hours
2022-07,MA,Massachusetts,ALL,all sectors,3319758,20.2,992.13946,4911.31183,number of customers,cents per kilowatt-hour,million dollars,million kilowatt hours
2022-07,MA,Massachusetts,TRA,transportation,2,6.85,1.57922,23.04485,number of customers,cents per kilowatt-hour,million dollars,million kilowatt hours
2022-07,MA,Massachusetts,RES,residential,2871948,23.76,455.78766,1918.35206,number of customers,cents per kilowatt-hour,million dollars,million kilowatt hours
2022-07,MA,Massachusetts,OTH,other,,,,,number of customers,cents per kilowatt-hour,million dollars,million kilowatt hours
2022-07,MA,Massachusetts,IND,industrial,10574,17.79,100.98874,567.77622,number of customers,cents per kilowatt-hour,million dollars,million kilowatt hours
2022-07,MA,Massachusetts,COM,commercial,437234,18.06,433.78384,2402.1387,number of customers,cents per kilowatt-hour,million dollars,million kilowatt hours
2022-06,MA,Massachusetts,ALL,all sectors,3329338,20.34,822.10513,4040.90064,number of customers,cents per kilowatt-hour,million dollars,million kilowatt hours
2022-06,MA,Massachusetts,TRA,transportation,2,6.57,1.53429,23.35661,number of customers,cents per kilowatt-hour,million dollars,million kilowatt hours
2022-06,MA,Massachusetts,RES,residential,2880914,25.02,373.41927,1492.61157,number of customers,cents per kilowatt-hour,million dollars,million kilowatt hours
2022-06,MA,Massachusetts,OTH,other,,,,,number of customers,cents per kilowatt-hour,million dollars,million kilowatt hours
2022-06,MA,Massachusetts,IND,industrial,10532,17.06,92.65966,543.07608,number of customers,cents per kilowatt-hour,million dollars,million kilowatt hours
2022-06,MA,Massachusetts,COM,commercial,437890,17.89,354.49192,1981.85638,number of customers,cents per kilowatt-hour,million dollars,million kilowatt hours
2022-05,MA,Massachusetts,ALL,all sectors,3304950,19.27,747.15028,3877.59216,number of customers,cents per kilowatt-hour,million dollars,million kilowatt hours
2022-05,MA,Massachusetts,COM,commercial,434640,16.97,324.2414,1911.03006,number of customers,cents per kilowatt-hour,million dollars,million kilowatt hours
2022-05,MA,Massachusetts,IND,industrial,10593,16.31,86.99109,533.29631,number of customers,cents per kilowatt-hour,million dollars,million kilowatt hours
2022-05,MA,Massachusetts,OTH,other,,,,,number of customers,cents per kilowatt-hour,million dollars,million kilowatt hours
2022-05,MA,Massachusetts,RES,residential,2859715,23.72,334.12396,1408.67267,number of customers,cents per kilowatt-hour,million dollars,million kilowatt hours
2022-05,MA,Massachusetts,TRA,transportation,2,7.29,1.79384,24.59313,number of customers,cents per kilowatt-hour,million dollars,million kilowatt hours
2022-04,MA,Massachusetts,ALL,all sectors,3220148,19.59,778.27692,3972.75712,number of customers,cents per kilowatt-hour,million dollars,million kilowatt hours
2022-04,MA,Massachusetts,TRA,transportation,2,6.64,1.67996,25.28428,number of customers,cents per kilowatt-hour,million dollars,million kilowatt hours
2022-04,MA,Massachusetts,RES,residential,2792869,24.21,361.07372,1491.47368,number of customers,cents per kilowatt-hour,million dollars,million kilowatt hours
2022-04,MA,Massachusetts,OTH,other,,,,,number of customers,cents per kilowatt-hour,million dollars,million kilowatt hours
2022-04,MA,Massachusetts,IND,industrial,10217,15.87,83.95912,529.06786,number of customers,cents per kilowatt-hour,million dollars,million kilowatt hours
2022-04,MA,Massachusetts,COM,commercial,417060,17.21,331.56412,1926.93129,number of customers,cents per kilowatt-hour,million dollars,million kilowatt hours
2022-03,MA,Massachusetts,ALL,all sectors,3363315,20.95,857.29901,4092.78766,number of customers,cents per kilowatt-hour,million dollars,million kilowatt hours
2022-03,MA,Massachusetts,COM,commercial,439079,18.78,359.43236,1914.08401,number of customers,cents per kilowatt-hour,million dollars,million kilowatt hours
2022-03,MA,Massachusetts,IND,industrial,10625,16.15,84.62229,523.90714,number of customers,cents per kilowatt-hour,million dollars,million kilowatt hours
2022-03,MA,Massachusetts,OTH,other,,,,,number of customers,cents per kilowatt-hour,million dollars,million kilowatt hours
2022-03,MA,Massachusetts,RES,residential,2913609,25.29,411.36448,1626.33509,number of customers,cents per kilowatt-hour,million dollars,million kilowatt hours
2022-03,MA,Massachusetts,TRA,transportation,2,6.61,1.87988,28.46143,number of customers,cents per kilowatt-hour,million dollars,million kilowatt hours
2022-02,MA,Massachusetts,ALL,all sectors,3302557,21.7,927.06194,4271.69251,number of customers,cents per kilowatt-hour,million dollars,million kilowatt hours
2022-02,MA,Massachusetts,TRA,transportation,2,8.45,2.40598,28.4607,number of customers,cents per kilowatt-hour,million dollars,million kilowatt hours
2022-02,MA,Massachusetts,RES,residential,2857493,25.57,462.90612,1810.21095,number of customers,cents per kilowatt-hour,million dollars,million kilowatt hours
2022-02,MA,Massachusetts,OTH,other,,,,,number of customers,cents per kilowatt-hour,million dollars,million kilowatt hours
2022-02,MA,Massachusetts,IND,industrial,10524,16.64,80.9464,486.53725,number of customers,cents per kilowatt-hour,million dollars,million kilowatt hours
2022-02,MA,Massachusetts,COM,commercial,434538,19.56,380.80344,1946.48361,number of customers,cents per kilowatt-hour,million dollars,million kilowatt hours
2022-01,MA,Massachusetts,ALL,all sectors,3308164,21.55,957.46178,4442.02246,number of customers,cents per kilowatt-hour,million dollars,million kilowatt hours
2022-01,MA,Massachusetts,TRA,transportation,2,7.91,2.37051,29.97217,number of customers,cents per kilowatt-hour,million dollars,million kilowatt hours
2022-01,MA,Massachusetts,RES,residential,2862257,25.27,476.6233,1886.40187,number of customers,cents per kilowatt-hour,million dollars,million kilowatt hours
2022-01,MA,Massachusetts,OTH,other,,,,,number of customers,cents per kilowatt-hour,million dollars,million kilowatt hours
2022-01,MA,Massachusetts,IND,industrial,10572,16.8,84.65104,504.01038,number of customers,cents per kilowatt-hour,million dollars,million kilowatt hours
2022-01,MA,Massachusetts,COM,commercial,435333,19.48,393.81693,2021.63803,number of customers,cents per kilowatt-hour,million dollars,million kilowatt hours
2021-12,MA,Massachusetts,ALL,all sectors,3290291,20.1,806.68948,4013.53301,number of customers,cents per kilowatt-hour,million dollars,million kilowatt hours
2021-12,MA,Massachusetts,TRA,transportation,2,6.43,1.90247,29.5654,number of customers,cents per kilowatt-hour,million dollars,million kilowatt hours
2021-12,MA,Massachusetts,RES,residential,2846516,24.32,396.73991,1631.28089,number of customers,cents per kilowatt-hour,million dollars,million kilowatt hours
2021-12,MA,Massachusetts,OTH,other,,,,,number of customers,cents per kilowatt-hour,million dollars,million kilowatt hours
2021-12,MA,Massachusetts,IND,industrial,10784,15.93,82.3531,516.81874,number of customers,cents per kilowatt-hour,million dollars,million kilowatt hours
2021-12,MA,Massachusetts,COM,commercial,432989,17.74,325.69399,1835.86798,number of customers,cents per kilowatt-hour,million dollars,million kilowatt hours
2021-11,MA,Massachusetts,ALL,all sectors,3333038,19.13,747.65726,3909.236,number of customers,cents per kilowatt-hour,million dollars,million kilowatt hours
2021-11,MA,Massachusetts,TRA,transportation,2,6.52,1.62735,24.95863,number of customers,cents per kilowatt-hour,million dollars,million kilowatt hours
2021-11,MA,Massachusetts,RES,residential,2882731,23.33,336.65276,1442.96302,number of customers,cents per kilowatt-hour,million dollars,million kilowatt hours
2021-11,MA,Massachusetts,OTH,other,,,,,number of customers,cents per kilowatt-hour,million dollars,million kilowatt hours
2021-11,MA,Massachusetts,IND,industrial,10866,15.92,86.04764,540.56126,number of customers,cents per kilowatt-hour,million dollars,million kilowatt hours
2021-11,MA,Massachusetts,COM,commercial,439439,17.01,323.32952,1900.7531,number of customers,cents per kilowatt-hour,million dollars,million kilowatt hours
2021-10,MA,Massachusetts,ALL,all sectors,3235200,18.97,732.47443,3862.00295,number of customers,cents per kilowatt-hour,million dollars,million kilowatt hours
2021-10,MA,Massachusetts,TRA,transportation,2,6.84,1.65728,24.24456,number of customers,cents per kilowatt-hour,million dollars,million kilowatt hours
2021-10,MA,Massachusetts,RES,residential,2797367,22.48,322.29549,1434.00305,number of customers,cents per kilowatt-hour,million dollars,million kilowatt hours
2021-10,MA,Massachusetts,OTH,other,,,,,number of customers,cents per kilowatt-hour,million dollars,million kilowatt hours
2021-10,MA,Massachusetts,IND,industrial,10751,15.57,79.88171,513.01762,number of customers,cents per kilowatt-hour,million dollars,million kilowatt hours
2021-10,MA,Massachusetts,COM,commercial,427080,17.38,328.63996,1890.73772,number of customers,cents per kilowatt-hour,million dollars,million kilowatt hours
2021-09,MA,Massachusetts,RES,residential,2836148,23.44,441.38601,1882.68962,number of customers,cents per kilowatt-hour,million dollars,million kilowatt hours
2021-09,MA,Massachusetts,OTH,other,,,,,number of customers,cents per kilowatt-hour,million dollars,million kilowatt hours
2021-09,MA,Massachusetts,IND,industrial,10863,15.52,84.33221,543.37839,number of customers,cents per kilowatt-hour,million dollars,million kilowatt hours
2021-09,MA,Massachusetts,COM,commercial,432690,17.78,384.53149,2163.1563,number of customers,cents per kilowatt-hour,million dollars,million kilowatt hours
2021-09,MA,Massachusetts,ALL,all sectors,3279703,19.77,911.92163,4613.4321,number of customers,cents per kilowatt-hour,million dollars,million kilowatt hours
2021-09,MA,Massachusetts,TRA,transportation,2,6.91,1.67192,24.20779,number of customers,cents per kilowatt-hour,million dollars,million kilowatt hours
2021-08,MA,Massachusetts,IND,industrial,10891,15.57,90.186,579.35808,number of customers,cents per kilowatt-hour,million dollars,million kilowatt hours
2021-08,MA,Massachusetts,COM,commercial,434385,17.75,409.87928,2309.71501,number of customers,cents per kilowatt-hour,million dollars,million kilowatt hours
2021-08,MA,Massachusetts,ALL,all sectors,3294096,19.31,970.66541,5027.7841,number of customers,cents per kilowatt-hour,million dollars,million kilowatt hours
2021-08,MA,Massachusetts,TRA,transportation,2,6.51,1.68412,25.868,number of customers,cents per kilowatt-hour,million dollars,million kilowatt hours
2021-08,MA,Massachusetts,RES,residential,2848818,22.19,468.91602,2112.84302,number of customers,cents per kilowatt-hour,million dollars,million kilowatt hours
2021-08,MA,Massachusetts,OTH,other,,,,,number of customers,cents per kilowatt-hour,million dollars,million kilowatt hours
2021-07,MA,Massachusetts,ALL,all sectors,3292876,19.56,932.87256,4769.08633,number of customers,cents per kilowatt-hour,million dollars,million kilowatt hours
2021-07,MA,Massachusetts,TRA,transportation,2,6.31,1.60364,25.40095,number of customers,cents per kilowatt-hour,million dollars,million kilowatt hours
2021-07,MA,Massachusetts,RES,residential,2848102,22.88,456.97726,1997.10538,number of customers,cents per kilowatt-hour,million dollars,million kilowatt hours
2021-07,MA,Massachusetts,OTH,other,,,,,number of customers,cents per kilowatt-hour,million dollars,million kilowatt hours
2021-07,MA,Massachusetts,IND,industrial,10943,15.43,86.42579,560.23977,number of customers,cents per kilowatt-hour,million dollars,million kilowatt hours
2021-07,MA,Massachusetts,COM,commercial,433829,17.74,387.86586,2186.34022,number of customers,cents per kilowatt-hour,million dollars,million kilowatt hours
2021-06,MA,Massachusetts,ALL,all sectors,3304029,18.63,836.03138,4486.88811,number of customers,cents per kilowatt-hour,million dollars,million kilowatt hours
2021-06,MA,Massachusetts,TRA,transportation,2,6.55,1.58977,24.28658,number of customers,cents per kilowatt-hour,million dollars,million kilowatt hours
2021-06,MA,Massachusetts,RES,residential,2857354,22.2,387.55757,1745.85096,number of customers,cents per kilowatt-hour,million dollars,million kilowatt hours
2021-06,MA,Massachusetts,OTH,other,,,,,number of customers,cents per kilowatt-hour,million dollars,million kilowatt hours
2021-06,MA,Massachusetts,IND,industrial,10940,15.15,85.03567,561.16405,number of customers,cents per kilowatt-hour,million dollars,million kilowatt hours
2021-06,MA,Massachusetts,COM,commercial,435733,16.79,361.84838,2155.58653,number of customers,cents per kilowatt-hour,million dollars,million kilowatt hours
2021-05,MA,Massachusetts,TRA,transportation,2,6.02,1.43216,23.78822,number of customers,cents per kilowatt-hour,million dollars,million kilowatt hours
2021-05,MA,Massachusetts,RES,residential,2838078,22.69,302.66118,1333.82812,number of customers,cents per kilowatt-hour,million dollars,million kilowatt hours
2021-05,MA,Massachusetts,OTH,other,,,,,number of customers,cents per kilowatt-hour,million dollars,million kilowatt hours
2021-05,MA,Massachusetts,IND,industrial,10964,14.53,76.93233,529.47479,number of customers,cents per kilowatt-hour,million dollars,million kilowatt hours
2021-05,MA,Massachusetts,COM,commercial,433956,16.02,285.19522,1780.55742,number of customers,cents per kilowatt-hour,million dollars,million kilowatt hours
2021-05,MA,Massachusetts,ALL,all sectors,3283000,18.16,666.22089,3667.64854,number of customers,cents per kilowatt-hour,million dollars,million kilowatt hours
2021-04,MA,Massachusetts,COM,commercial,430382,15.7,282.80148,1801.86064,number of customers,cents per kilowatt-hour,million dollars,million kilowatt hours
2021-04,MA,Massachusetts,ALL,all sectors,3273570,18.38,684.10167,3721.45137,number of customers,cents per kilowatt-hour,million dollars,million kilowatt hours
2021-04,MA,Massachusetts,TRA,transportation,2,6.36,1.53698,24.17113,number of customers,cents per kilowatt-hour,million dollars,million kilowatt hours
2021-04,MA,Massachusetts,RES,residential,2832309,23.45,327.51977,1396.73322,number of customers,cents per kilowatt-hour,million dollars,million kilowatt hours
2021-04,MA,Massachusetts,OTH,other,,,,,number of customers,cents per kilowatt-hour,million dollars,million kilowatt hours
2021-04,MA,Massachusetts,IND,industrial,10877,14.49,72.24345,498.68638,number of customers,cents per kilowatt-hour,million dollars,million kilowatt hours
2021-03,MA,Massachusetts,ALL,all sectors,3294208,18.85,755.17329,4005.51515,number of customers,cents per kilowatt-hour,million dollars,million kilowatt hours
2021-03,MA,Massachusetts,TRA,transportation,2,6.44,1.81629,28.2114,number of customers,cents per kilowatt-hour,million dollars,million kilowatt hours
2021-03,MA,Massachusetts,RES,residential,2849917,23.08,367.55309,1592.50122,number of customers,cents per kilowatt-hour,million dollars,million kilowatt hours
2021-03,MA,Massachusetts,OTH,other,,,,,number of customers,cents per kilowatt-hour,million dollars,million kilowatt hours
2021-03,MA,Massachusetts,IND,industrial,10995,14.38,73.19414,508.99206,number of customers,cents per kilowatt-hour,million dollars,million kilowatt hours
2021-03,MA,Massachusetts,COM,commercial,433294,16.67,312.60977,1875.81047,number of customers,cents per kilowatt-hour,million dollars,million kilowatt hours
2021-02,MA,Massachusetts,ALL,all sectors,3254102,19.01,804.38831,4231.59187,number of customers,cents per kilowatt-hour,million dollars,million kilowatt hours
2021-02,MA,Massachusetts,TRA,transportation,2,7.04,2.06105,29.27319,number of customers,cents per kilowatt-hour,million dollars,million kilowatt hours
2021-02,MA,Massachusetts,RES,residential,2814272,22.67,406.68952,1793.69836,number of customers,cents per kilowatt-hour,million dollars,million kilowatt hours
2021-02,MA,Massachusetts,OTH,other,,,,,number of customers,cents per kilowatt-hour,million dollars,million kilowatt hours
2021-02,MA,Massachusetts,IND,industrial,10985,15.27,73.46661,481.24408,number of customers,cents per kilowatt-hour,million dollars,million kilowatt hours
2021-02,MA,Massachusetts,COM,commercial,428843,16.72,322.17113,1927.37624,number of customers,cents per kilowatt-hour,million dollars,million kilowatt hours
2021-01,MA,Massachusetts,ALL,all sectors,3275297,18.52,831.79997,4490.21846,number of customers,cents per kilowatt-hour,million dollars,million kilowatt hours
2021-01,MA,Massachusetts,TRA,transportation,2,6.24,1.92502,30.84416,number of customers,cents per kilowatt-hour,million dollars,million kilowatt hours
2021-01,MA,Massachusetts,RES,residential,2832085,22.3,432.93661,1941.77215,number of customers,cents per kilowatt-hour,million dollars,million kilowatt hours
2021-01,MA,Massachusetts,OTH,other,,,,,number of customers,cents per kilowatt-hour,million dollars,million kilowatt hours
2021-01,MA,Massachusetts,IND,industrial,10996,14.25,73.09197,512.8988,number of customers,cents per kilowatt-hour,million dollars,million kilowatt hours
2021-01,MA,Massachusetts,COM,commercial,432214,16.15,323.84637,2004.70335,number of customers,cents per kilowatt-hour,million dollars,million kilowatt hours
2020-12,MA,Massachusetts,ALL,all sectors,3229358,17.96,763.69115,4253.06905,number of customers,cents per kilowatt-hour,million dollars,million kilowatt hours
2020-12,MA,Massachusetts,TRA,transportation,2,6.66,1.9779,29.71715,number of customers,cents per kilowatt-hour,million dollars,million kilowatt hours
2020-12,MA,Massachusetts,RES,residential,2801716,21.49,378.0898,1759.29767,number of customers,cents per kilowatt-hour,million dollars,million kilowatt hours
2020-12,MA,Massachusetts,OTH,other,,,,,number of customers,cents per kilowatt-hour,million dollars,million kilowatt hours
2020-12,MA,Massachusetts,IND,industrial,10766,14.34,75.80288,528.56445,number of customers,cents per kilowatt-hour,million dollars,million kilowatt hours
2020-12,MA,Massachusetts,COM,commercial,416874,15.9,307.82057,1935.48978,number of customers,cents per kilowatt-hour,million dollars,million kilowatt hours
2020-11,MA,Massachusetts,ALL,all sectors,3222539,17.69,660.19388,3732.42228,number of customers,cents per kilowatt-hour,million dollars,million kilowatt hours
2020-11,MA,Massachusetts,TRA,transportation,2,5.69,1.45334,25.52668,number of customers,cents per kilowatt-hour,million dollars,million kilowatt hours
2020-11,MA,Massachusetts,RES,residential,2801537,22.04,307.22691,1394.04,number of customers,cents per kilowatt-hour,million dollars,million kilowatt hours
2020-11,MA,Massachusetts,OTH,other,,,,,number of customers,cents per kilowatt-hour,million dollars,million kilowatt hours
2020-11,MA,Massachusetts,IND,industrial,10771,14.13,73.31182,518.89911,number of customers,cents per kilowatt-hour,million dollars,million kilowatt hours
2020-11,MA,Massachusetts,COM,commercial,410229,15.51,278.20181,1793.95648,number of customers,cents per kilowatt-hour,million dollars,million kilowatt hours
2020-10,MA,Massachusetts,COM,commercial,418955,15.85,292.57363,1845.64561,number of customers,cents per kilowatt-hour,million dollars,million kilowatt hours
2020-10,MA,Massachusetts,ALL,all sectors,3259032,17.68,671.01231,3795.46225,number of customers,cents per kilowatt-hour,million dollars,million kilowatt hours
2020-10,MA,Massachusetts,TRA,transportation,2,5.16,1.29555,25.13171,number of customers,cents per kilowatt-hour,million dollars,million kilowatt hours
2020-10,MA,Massachusetts,RES,residential,2829170,21.5,305.2335,1419.44834,number of customers,cents per kilowatt-hour,million dollars,million kilowatt hours
2020-10,MA,Massachusetts,OTH,other,,,,,number of customers,cents per kilowatt-hour,million dollars,million kilowatt hours
2020-10,MA,Massachusetts,IND,industrial,10905,14.23,71.90963,505.23661,number of customers,cents per kilowatt-hour,million dollars,million kilowatt hours
2020-09,MA,Massachusetts,ALL,all sectors,3237105,18.09,781.18307,4318.92772,number of customers,cents per kilowatt-hour,million dollars,million kilowatt hours
2020-09,MA,Massachusetts,TRA,transportation,2,5.21,1.31313,25.22668,number of customers,cents per kilowatt-hour,million dollars,million kilowatt hours
2020-09,MA,Massachusetts,RES,residential,2817839,21.45,378.67469,1765.08631,number of customers,cents per kilowatt-hour,million dollars,million kilowatt hours
2020-09,MA,Massachusetts,OTH,other,,,,,number of customers,cents per kilowatt-hour,million dollars,million kilowatt hours
2020-09,MA,Massachusetts,IND,industrial,10887,14.27,74.64843,523.2276,number of customers,cents per kilowatt-hour,million dollars,million kilowatt hours
2020-09,MA,Massachusetts,COM,commercial,408377,16.28,326.54683,2005.38713,number of customers,cents per kilowatt-hour,million dollars,million kilowatt hours
2020-08,MA,Massachusetts,IND,industrial,10921,14.66,83.05597,566.58525,number of customers,cents per kilowatt-hour,million dollars,million kilowatt hours
2020-08,MA,Massachusetts,COM,commercial,409855,16.34,368.75178,2256.06089,number of customers,cents per kilowatt-hour,million dollars,million kilowatt hours
2020-08,MA,Massachusetts,ALL,all sectors,3247233,18.49,960.82057,5196.30138,number of customers,cents per kilowatt-hour,million dollars,million kilowatt hours
2020-08,MA,Massachusetts,TRA,transportation,2,5.6,1.49569,26.71627,number of customers,cents per kilowatt-hour,million dollars,million kilowatt hours
2020-08,MA,Massachusetts,RES,residential,2826455,21.62,507.51713,2346.93897,number of customers,cents per kilowatt-hour,million dollars,million kilowatt hours
2020-08,MA,Massachusetts,OTH,other,,,,,number of customers,cents per kilowatt-hour,million dollars,million kilowatt hours
2020-07,MA,Massachusetts,ALL,all sectors,3266368,18.32,922.90448,5037.8566,number of customers,cents per kilowatt-hour,million dollars,million kilowatt hours
2020-07,MA,Massachusetts,TRA,transportation,2,5.84,1.58198,27.09606,number of customers,cents per kilowatt-hour,million dollars,million kilowatt hours
2020-07,MA,Massachusetts,RES,residential,2845149,21.26,484.17659,2277.61455,number of customers,cents per kilowatt-hour,million dollars,million kilowatt hours
2020-07,MA,Massachusetts,OTH,other,,,,,number of customers,cents per kilowatt-hour,million dollars,million kilowatt hours
2020-07,MA,Massachusetts,IND,industrial,10854,14.82,84.19237,567.95418,number of customers,cents per kilowatt-hour,million dollars,million kilowatt hours
2020-07,MA,Massachusetts,COM,commercial,410363,16.3,352.95355,2165.19181,number of customers,cents per kilowatt-hour,million dollars,million kilowatt hours
2020-06,MA,Massachusetts,ALL,all sectors,3238224,17.45,689.27316,3949.49283,number of customers,cents per kilowatt-hour,million dollars,million kilowatt hours
2020-06,MA,Massachusetts,TRA,transportation,2,5.26,1.30463,24.78733,number of customers,cents per kilowatt-hour,million dollars,million kilowatt hours
2020-06,MA,Massachusetts,RES,residential,2817251,20.91,345.56204,1652.23958,number of customers,cents per kilowatt-hour,million dollars,million kilowatt hours
2020-06,MA,Massachusetts,OTH,other,,,,,number of customers,cents per kilowatt-hour,million dollars,million kilowatt hours
2020-06,MA,Massachusetts,IND,industrial,10894,14.57,73.92005,507.44148,number of customers,cents per kilowatt-hour,million dollars,million kilowatt hours
2020-06,MA,Massachusetts,COM,commercial,410077,15.21,268.48645,1765.02445,number of customers,cents per kilowatt-hour,million dollars,million kilowatt hours
2020-05,MA,Massachusetts,ALL,all sectors,3238269,17.79,642.02307,3609.59656,number of customers,cents per kilowatt-hour,million dollars,million kilowatt hours
2020-05,MA,Massachusetts,TRA,transportation,2,4.73,1.17281,24.80314,number of customers,cents per kilowatt-hour,million dollars,million kilowatt hours
2020-05,MA,Massachusetts,RES,residential,2816886,22.16,316.34678,1427.53596,number of customers,cents per kilowatt-hour,million dollars,million kilowatt hours
2020-05,MA,Massachusetts,OTH,other,,,,,number of customers,cents per kilowatt-hour,million dollars,million kilowatt hours
2020-05,MA,Massachusetts,IND,industrial,10892,14.44,72.08579,499.11045,number of customers,cents per kilowatt-hour,million dollars,million kilowatt hours
2020-05,MA,Massachusetts,COM,commercial,410489,15.22,252.41769,1658.14702,number of customers,cents per kilowatt-hour,million dollars,million kilowatt hours
2020-04,MA,Massachusetts,ALL,all sectors,3239897,18.53,665.17404,3590.05588,number of customers,cents per kilowatt-hour,million dollars,million kilowatt hours
2020-04,MA,Massachusetts,TRA,transportation,2,5.12,1.31292,25.62256,number of customers,cents per kilowatt-hour,million dollars,million kilowatt hours
2020-04,MA,Massachusetts,RES,residential,2818768,23.15,337.71029,1458.95391,number of customers,cents per kilowatt-hour,million dollars,million kilowatt hours
2020-04,MA,Massachusetts,OTH,other,,,,,number of customers,cents per kilowatt-hour,million dollars,million kilowatt hours
2020-04,MA,Massachusetts,IND,industrial,10849,14.43,66.0575,457.90406,number of customers,cents per kilowatt-hour,million dollars,million kilowatt hours
2020-04,MA,Massachusetts,COM,commercial,410278,15.79,260.09333,1647.57535,number of customers,cents per kilowatt-hour,million dollars,million kilowatt hours
2020-03,MA,Massachusetts,COM,commercial,409985,16.28,310.10116,1904.26188,number of customers,cents per kilowatt-hour,million dollars,million kilowatt hours
2020-03,MA,Massachusetts,ALL,all sectors,3232938,18.45,724.84039,3928.19209,number of customers,cents per kilowatt-hour,million dollars,million kilowatt hours
2020-03,MA,Massachusetts,TRA,transportation,2,6.38,1.79668,28.1829,number of customers,cents per kilowatt-hour,million dollars,million kilowatt hours
2020-03,MA,Massachusetts,RES,residential,2812083,22.73,340.11831,1496.1159,number of customers,cents per kilowatt-hour,million dollars,million kilowatt hours
2020-03,MA,Massachusetts,OTH,other,,,,,number of customers,cents per kilowatt-hour,million dollars,million kilowatt hours
2020-03,MA,Massachusetts,IND,industrial,10868,14.58,72.82424,499.63142,number of customers,cents per kilowatt-hour,million dollars,million kilowatt hours
2020-02,MA,Massachusetts,ALL,all sectors,3238589,18.83,783.06329,4157.82994,number of customers,cents per kilowatt-hour,million dollars,million kilowatt hours
2020-02,MA,Massachusetts,TRA,transportation,2,8.84,2.57528,29.11911,number of customers,cents per kilowatt-hour,million dollars,million kilowatt hours
2020-02,MA,Massachusetts,RES,residential,2815974,23.02,364.18511,1581.7514,number of customers,cents per kilowatt-hour,million dollars,million kilowatt hours
2020-02,MA,Massachusetts,OTH,other,,,,,number of customers,cents per kilowatt-hour,million dollars,million kilowatt hours
2020-02,MA,Massachusetts,IND,industrial,10946,14.75,75.2433,510.08322,number of customers,cents per kilowatt-hour,million dollars,million kilowatt hours
2020-02,MA,Massachusetts,COM,commercial,411667,16.74,341.0596,2036.87621,number of customers,cents per kilowatt-hour,million dollars,million kilowatt hours
2020-01,MA,Massachusetts,ALL,all sectors,3228943,18.79,834.21478,4440.13446,number of customers,cents per kilowatt-hour,million dollars,million kilowatt hours
2020-01,MA,Massachusetts,TRA,transportation,2,9.18,2.87857,31.35743,number of customers,cents per kilowatt-hour,million dollars,million kilowatt hours
2020-01,MA,Massachusetts,RES,residential,2807771,22.88,404.11932,1766.15542,number of customers,cents per kilowatt-hour,million dollars,million kilowatt hours
2020-01,MA,Massachusetts,OTH,other,,,,,number of customers,cents per kilowatt-hour,million dollars,million kilowatt hours
2020-01,MA,Massachusetts,IND,industrial,10973,14.8,79.29365,535.73819,number of customers,cents per kilowatt-hour,million dollars,million kilowatt hours
2020-01,MA,Massachusetts,COM,commercial,410197,16.51,347.92324,2106.88342,number of customers,cents per kilowatt-hour,million dollars,million kilowatt hours
2019-12,MA,Massachusetts,ALL,all sectors,3239202,18.56,812.69427,4379.7306,number of customers,cents per kilowatt-hour,million dollars,million kilowatt hours
2019-12,MA,Massachusetts,TRA,transportation,2,6.42,2.06218,32.13581,number of customers,cents per kilowatt-hour,million dollars,million kilowatt hours
2019-12,MA,Massachusetts,RES,residential,2814325,22.39,379.75455,1696.37779,number of customers,cents per kilowatt-hour,million dollars,million kilowatt hours
2019-12,MA,Massachusetts,OTH,other,,,,,number of customers,cents per kilowatt-hour,million dollars,million kilowatt hours
2019-12,MA,Massachusetts,IND,industrial,10963,14.76,76.3268,517.13921,number of customers,cents per kilowatt-hour,million dollars,million kilowatt hours
2019-12,MA,Massachusetts,COM,commercial,413912,16.61,354.55074,2134.07778,number of customers,cents per kilowatt-hour,million dollars,million kilowatt hours
2019-11,MA,Massachusetts,ALL,all sectors,3235873,18.05,716.88105,3971.21608,number of customers,cents per kilowatt-hour,million dollars,million kilowatt hours
2019-11,MA,Massachusetts,TRA,transportation,2,5.63,1.55787,27.67651,number of customers,cents per kilowatt-hour,million dollars,million kilowatt hours
2019-11,MA,Massachusetts,RES,residential,2811059,21.78,306.21249,1406.20904,number of customers,cents per kilowatt-hour,million dollars,million kilowatt hours
2019-11,MA,Massachusetts,OTH,other,,,,,number of customers,cents per kilowatt-hour,million dollars,million kilowatt hours
2019-11,MA,Massachusetts,IND,industrial,11072,15.03,77.22574,513.79221,number of customers,cents per kilowatt-hour,million dollars,million kilowatt hours
2019-11,MA,Massachusetts,COM,commercial,413740,16.4,331.88496,2023.53833,number of customers,cents per kilowatt-hour,million dollars,million kilowatt hours
2019-10,MA,Massachusetts,ALL,all sectors,3211042,17.76,695.08008,3912.87852,number of customers,cents per kilowatt-hour,million dollars,million kilowatt hours
2019-10,MA,Massachusetts,TRA,transportation,2,4.77,1.28411,26.93083,number of customers,cents per kilowatt-hour,million dollars,million kilowatt hours
2019-10,MA,Massachusetts,RES,residential,2789284,21.25,283.86291,1335.57872,number of customers,cents per kilowatt-hour,million dollars,million kilowatt hours
2019-10,MA,Massachusetts,OTH,other,,,,,number of customers,cents per kilowatt-hour,million dollars,million kilowatt hours
2019-10,MA,Massachusetts,IND,industrial,11040,14.46,73.48789,508.34205,number of customers,cents per kilowatt-hour,million dollars,million kilowatt hours
2019-10,MA,Massachusetts,COM,commercial,410716,16.48,336.44518,2042.02693,number of customers,cents per kilowatt-hour,million dollars,million kilowatt hours
2019-09,MA,Massachusetts,RES,residential,2797251,22.03,341.69015,1551.28004,number of customers,cents per kilowatt-hour,million dollars,million kilowatt hours
2019-09,MA,Massachusetts,OTH,other,,,,,number of customers,cents per kilowatt-hour,million dollars,million kilowatt hours
2019-09,MA,Massachusetts,IND,industrial,10985,14.46,75.21321,520.04795,number of customers,cents per kilowatt-hour,million dollars,million kilowatt hours
2019-09,MA,Massachusetts,COM,commercial,410769,16.88,345.37901,2046.54242,number of customers,cents per kilowatt-hour,million dollars,million kilowatt hours
2019-09,MA,Massachusetts,ALL,all sectors,3219007,18.42,763.53883,4144.15826,number of customers,cents per kilowatt-hour,million dollars,million kilowatt hours
2019-09,MA,Massachusetts,TRA,transportation,2,4.78,1.25647,26.28786,number of customers,cents per kilowatt-hour,million dollars,million kilowatt hours
2019-08,MA,Massachusetts,ALL,all sectors,3284135,18.42,928.31088,5038.73766,number of customers,cents per kilowatt-hour,million dollars,million kilowatt hours
2019-08,MA,Massachusetts,TRA,transportation,2,5.41,1.50889,27.90497,number of customers,cents per kilowatt-hour,million dollars,million kilowatt hours
2019-08,MA,Massachusetts,RES,residential,2860186,21.62,443.55292,2051.77927,number of customers,cents per kilowatt-hour,million dollars,million kilowatt hours
2019-08,MA,Massachusetts,OTH,other,,,,,number of customers,cents per kilowatt-hour,million dollars,million kilowatt hours
2019-08,MA,Massachusetts,IND,industrial,11015,14.28,81.32108,569.3787,number of customers,cents per kilowatt-hour,million dollars,million kilowatt hours
2019-08,MA,Massachusetts,COM,commercial,412932,16.82,401.92799,2389.67473,number of customers,cents per kilowatt-hour,million dollars,million kilowatt hours
2019-07,MA,Massachusetts,ALL,all sectors,3241989,18.16,930.46617,5123.38214,number of customers,cents per kilowatt-hour,million dollars,million kilowatt hours
2019-07,MA,Massachusetts,TRA,transportation,2,5.77,1.59721,27.66439,number of customers,cents per kilowatt-hour,million dollars,million kilowatt hours
2019-07,MA,Massachusetts,RES,residential,2817715,20.93,432.68255,2067.57915,number of customers,cents per kilowatt-hour,million dollars,million kilowatt hours
2019-07,MA,Massachusetts,OTH,other,,,,,number of customers,cents per kilowatt-hour,million dollars,million kilowatt hours
2019-07,MA,Massachusetts,IND,industrial,11077,14.65,86.50369,590.49408,number of customers,cents per kilowatt-hour,million dollars,million kilowatt hours
2019-07,MA,Massachusetts,COM,commercial,413195,16.81,409.68273,2437.64453,number of customers,cents per kilowatt-hour,million dollars,million kilowatt hours
2019-06,MA,Massachusetts,IND,industrial,10973,14.49,80.04959,552.51048,number of customers,cents per kilowatt-hour,million dollars,million kilowatt hours
2019-06,MA,Massachusetts,COM,commercial,410747,16.55,340.73517,2058.67167,number of customers,cents per kilowatt-hour,million dollars,million kilowatt hours
2019-06,MA,Massachusetts,ALL,all sectors,3217567,17.86,722.39791,4044.75955,number of customers,cents per kilowatt-hour,million dollars,million kilowatt hours
2019-06,MA,Massachusetts,TRA,transportation,2,5.19,1.33026,25.60796,number of customers,cents per kilowatt-hour,million dollars,million kilowatt hours
2019-06,MA,Massachusetts,RES,residential,2795845,21.33,300.28291,1407.96943,number of customers,cents per kilowatt-hour,million dollars,million kilowatt hours
2019-06,MA,Massachusetts,OTH,other,,,,,number of customers,cents per kilowatt-hour,million dollars,million kilowatt hours
2019-05,MA,Massachusetts,ALL,all sectors,3209020,18.09,687.44989,3800.42996,number of customers,cents per kilowatt-hour,million dollars,million kilowatt hours
2019-05,MA,Massachusetts,TRA,transportation,2,4.97,1.34115,26.99964,number of customers,cents per kilowatt-hour,million dollars,million kilowatt hours
2019-05,MA,Massachusetts,RES,residential,2788776,22.28,288.51194,1294.83641,number of customers,cents per kilowatt-hour,million dollars,million kilowatt hours
2019-05,MA,Massachusetts,OTH,other,,,,,number of customers,cents per kilowatt-hour,million dollars,million kilowatt hours
2019-05,MA,Massachusetts,IND,industrial,11043,14.25,76.1265,534.18822,number of customers,cents per kilowatt-hour,million dollars,million kilowatt hours
2019-05,MA,Massachusetts,COM,commercial,409199,16.53,321.47029,1944.40568,number of customers,cents per kilowatt-hour,million dollars,million kilowatt hours
2019-04,MA,Massachusetts,IND,industrial,11059,14.7,75.80395,515.55504,number of customers,cents per kilowatt-hour,million dollars,million kilowatt hours
2019-04,MA,Massachusetts,COM,commercial,409297,16.57,322.96002,1949.19002,number of customers,cents per kilowatt-hour,million dollars,million kilowatt hours
2019-04,MA,Massachusetts,ALL,all sectors,3214656,18.38,704.84795,3835.81195,number of customers,cents per kilowatt-hour,million dollars,million kilowatt hours
2019-04,MA,Massachusetts,TRA,transportation,2,5.36,1.45733,27.18106,number of customers,cents per kilowatt-hour,million dollars,million kilowatt hours
2019-04,MA,Massachusetts,RES,residential,2794298,22.67,304.62665,1343.88583,number of customers,cents per kilowatt-hour,million dollars,million kilowatt hours
2019-04,MA,Massachusetts,OTH,other,,,,,number of customers,cents per kilowatt-hour,million dollars,million kilowatt hours
2019-03,MA,Massachusetts,ALL,all sectors,3246898,19.14,802.72694,4193.31059,number of customers,cents per kilowatt-hour,million dollars,million kilowatt hours
2019-03,MA,Massachusetts,TRA,transportation,2,6.48,2.02086,31.19548,number of customers,cents per kilowatt-hour,million dollars,million kilowatt hours
2019-03,MA,Massachusetts,RES,residential,2820739,22.67,367.56299,1621.27137,number of customers,cents per kilowatt-hour,million dollars,million kilowatt hours
2019-03,MA,Massachusetts,OTH,other,,,,,number of customers,cents per kilowatt-hour,million dollars,million kilowatt hours
2019-03,MA,Massachusetts,IND,industrial,11108,15.32,78.33776,511.28873,number of customers,cents per kilowatt-hour,million dollars,million kilowatt hours
2019-03,MA,Massachusetts,COM,commercial,415049,17.48,354.80533,2029.55501,number of customers,cents per kilowatt-hour,million dollars,million kilowatt hours
2019-02,MA,Massachusetts,RES,residential,2745659,22.4,373.48896,1666.99816,number of customers,cents per kilowatt-hour,million dollars,million kilowatt hours
2019-02,MA,Massachusetts,OTH,other,,,,,number of customers,cents per kilowatt-hour,million dollars,million kilowatt hours
2019-02,MA,Massachusetts,IND,industrial,10876,15.47,75.45599,487.7602,number of customers,cents per kilowatt-hour,million dollars,million kilowatt hours
2019-02,MA,Massachusetts,COM,commercial,403453,16.97,342.55469,2018.33175,number of customers,cents per kilowatt-hour,million dollars,million kilowatt hours
2019-02,MA,Massachusetts,ALL,all sectors,3159990,18.89,794.17905,4203.37081,number of customers,cents per kilowatt-hour,million dollars,million kilowatt hours
2019-02,MA,Massachusetts,TRA,transportation,2,8.85,2.67941,30.2807,number of customers,cents per kilowatt-hour,million dollars,million kilowatt hours
2019-01,MA,Massachusetts,ALL,all sectors,3210007,18.92,886.9193,4688.81188,number of customers,cents per kilowatt-hour,million dollars,million kilowatt hours
2019-01,MA,Massachusetts,TRA,transportation,2,9.05,3.0426,33.6288,number of customers,cents per kilowatt-hour,million dollars,million kilowatt hours
2019-01,MA,Massachusetts,RES,residential,2790040,21.96,410.8765,1870.80579,number of customers,cents per kilowatt-hour,million dollars,million kilowatt hours
2019-01,MA,Massachusetts,OTH,other,,,,,number of customers,cents per kilowatt-hour,million dollars,million kilowatt hours
2019-01,MA,Massachusetts,IND,industrial,11027,15.34,79.95305,521.20214,number of customers,cents per kilowatt-hour,million dollars,million kilowatt hours
2019-01,MA,Massachusetts,COM,commercial,408938,17.37,393.04714,2263.17515,number of customers,cents per kilowatt-hour,million dollars,million kilowatt hours
2018-12,MA,Massachusetts,ALL,all sectors,3229286,18.47,814.94692,4411.83937,number of customers,cents per kilowatt-hour,million dollars,million kilowatt hours
2018-12,MA,Massachusetts,TRA,transportation,2,6.58,2.06979,31.44004,number of customers,cents per kilowatt-hour,million dollars,million kilowatt hours
2018-12,MA,Massachusetts,RES,residential,2799096,21.46,377.76863,1760.05321,number of customers,cents per kilowatt-hour,million dollars,million kilowatt hours
2018-12,MA,Massachusetts,OTH,other,,,,,number of customers,cents per kilowatt-hour,million dollars,million kilowatt hours
2018-12,MA,Massachusetts,IND,industrial,10438,14.95,81.53441,545.3138,number of customers,cents per kilowatt-hour,million dollars,million kilowatt hours
2018-12,MA,Massachusetts,COM,commercial,419750,17.04,353.57409,2075.03231,number of customers,cents per kilowatt-hour,million dollars,million kilowatt hours
2018-11,MA,Massachusetts,ALL,all sectors,3217271,18.05,740.35161,4100.58091,number of customers,cents per kilowatt-hour,million dollars,million kilowatt hours
2018-11,MA,Massachusetts,TRA,transportation,2,6.51,1.91227,29.36497,number of customers,cents per kilowatt-hour,million dollars,million kilowatt hours
2018-11,MA,Massachusetts,RES,residential,2787564,21.25,320.22442,1506.81266,number of customers,cents per kilowatt-hour,million dollars,million kilowatt hours
2018-11,MA,Massachusetts,OTH,other,,,,,number of customers,cents per kilowatt-hour,million dollars,million kilowatt hours
2018-11,MA,Massachusetts,IND,industrial,10518,14.82,80.9659,546.16119,number of customers,cents per kilowatt-hour,million dollars,million kilowatt hours
2018-11,MA,Massachusetts,COM,commercial,419187,16.71,337.24902,2018.2421,number of customers,cents per kilowatt-hour,million dollars,million kilowatt hours
2018-10,MA,Massachusetts,ALL,all sectors,3207866,18.23,749.2418,4109.66683,number of customers,cents per kilowatt-hour,million dollars,million kilowatt hours
2018-10,MA,Massachusetts,TRA,transportation,2,5.56,1.5048,27.0834,number of customers,cents per kilowatt-hour,million dollars,million kilowatt hours
2018-10,MA,Massachusetts,RES,residential,2780447,21.25,302.84234,1425.19035,number of customers,cents per kilowatt-hour,million dollars,million kilowatt hours
2018-10,MA,Massachusetts,OTH,other,,,,,number of customers,cents per kilowatt-hour,million dollars,million kilowatt hours
2018-10,MA,Massachusetts,IND,industrial,10489,14.63,84.81059,579.71426,number of customers,cents per kilowatt-hour,million dollars,million kilowatt hours
2018-10,MA,Massachusetts,COM,commercial,416928,17.33,360.08407,2077.67882,number of customers,cents per kilowatt-hour,million dollars,million kilowatt hours
2018-09,MA,Massachusetts,ALL,all sectors,3212693,18.97,892.77807,4706.31067,number of customers,cents per kilowatt-hour,million dollars,million kilowatt hours
2018-09,MA,Massachusetts,TRA,transportation,2,5.36,1.41159,26.35782,number of customers,cents per kilowatt-hour,million dollars,million kilowatt hours
2018-09,MA,Massachusetts,RES,residential,2783457,22.12,404.4501,1828.11067,number of customers,cents per kilowatt-hour,million dollars,million kilowatt hours
2018-09,MA,Massachusetts,OTH,other,,,,,number of customers,cents per kilowatt-hour,million dollars,million kilowatt hours
2018-09,MA,Massachusetts,IND,industrial,10528,14.91,83.12334,557.35731,number of customers,cents per kilowatt-hour,million dollars,million kilowatt hours
2018-09,MA,Massachusetts,COM,commercial,418706,17.6,403.79305,2294.48486,number of customers,cents per kilowatt-hour,million dollars,million kilowatt hours
2018-08,MA,Massachusetts,RES,residential,2777334,20.8,463.46884,2228.12833,number of customers,cents per kilowatt-hour,million dollars,million kilowatt hours
2018-08,MA,Massachusetts,OTH,other,,,,,number of customers,cents per kilowatt-hour,million dollars,million kilowatt hours
2018-08,MA,Massachusetts,IND,industrial,10471,14.62,93.47744,639.19531,number of customers,cents per kilowatt-hour,million dollars,million kilowatt hours
2018-08,MA,Massachusetts,COM,commercial,415823,16.96,440.78121,2598.52851,number of customers,cents per kilowatt-hour,million dollars,million kilowatt hours
2018-08,MA,Massachusetts,ALL,all sectors,3203630,18.19,999.3277,5494.47516,number of customers,cents per kilowatt-hour,million dollars,million kilowatt hours
2018-08,MA,Massachusetts,TRA,transportation,2,5.59,1.60021,28.62302,number of customers,cents per kilowatt-hour,million dollars,million kilowatt hours
2018-07,MA,Massachusetts,ALL,all sectors,3256883,18.13,934.09978,5153.08335,number of customers,cents per kilowatt-hour,million dollars,million kilowatt hours
2018-07,MA,Massachusetts,TRA,transportation,2,5.69,1.6303,28.67353,number of customers,cents per kilowatt-hour,million dollars,million kilowatt hours
2018-07,MA,Massachusetts,RES,residential,2836762,20.57,426.71203,2074.19648,number of customers,cents per kilowatt-hour,million dollars,million kilowatt hours
2018-07,MA,Massachusetts,OTH,other,,,,,number of customers,cents per kilowatt-hour,million dollars,million kilowatt hours
2018-07,MA,Massachusetts,IND,industrial,10551,14.79,88.13227,595.87346,number of customers,cents per kilowatt-hour,million dollars,million kilowatt hours
2018-07,MA,Massachusetts,COM,commercial,409568,17.02,417.62518,2454.33988,number of customers,cents per kilowatt-hour,million dollars,million kilowatt hours
2018-06,MA,Massachusetts,RES,residential,2772113,20.93,318.06039,1519.74438,number of customers,cents per kilowatt-hour,million dollars,million kilowatt hours
2018-06,MA,Massachusetts,OTH,other,,,,,number of customers,cents per kilowatt-hour,million dollars,million kilowatt hours
2018-06,MA,Massachusetts,IND,industrial,10468,14.86,83.71373,563.48368,number of customers,cents per kilowatt-hour,million dollars,million kilowatt hours
2018-06,MA,Massachusetts,COM,commercial,403852,16.31,357.07955,2188.7535,number of customers,cents per kilowatt-hour,million dollars,million kilowatt hours
2018-06,MA,Massachusetts,ALL,all sectors,3186435,17.68,760.16558,4298.54492,number of customers,cents per kilowatt-hour,million dollars,million kilowatt hours
2018-06,MA,Massachusetts,TRA,transportation,2,4.94,1.31192,26.56337,number of customers,cents per kilowatt-hour,million dollars,million kilowatt hours
2018-05,MA,Massachusetts,ALL,all sectors,3228381,17.89,700.06711,3912.13169,number of customers,cents per kilowatt-hour,million dollars,million kilowatt hours
2018-05,MA,Massachusetts,TRA,transportation,2,4.82,1.28713,26.72005,number of customers,cents per kilowatt-hour,million dollars,million kilowatt hours
2018-05,MA,Massachusetts,RES,residential,2811120,21.57,288.33383,1336.58239,number of customers,cents per kilowatt-hour,million dollars,million kilowatt hours
2018-05,MA,Massachusetts,OTH,other,,,,,number of customers,cents per kilowatt-hour,million dollars,million kilowatt hours
2018-05,MA,Massachusetts,IND,industrial,10502,14.69,80.98302,551.22437,number of customers,cents per kilowatt-hour,million dollars,million kilowatt hours
2018-05,MA,Massachusetts,COM,commercial,406757,16.49,329.46313,1997.60488,number of customers,cents per kilowatt-hour,million dollars,million kilowatt hours
2018-04,MA,Massachusetts,ALL,all sectors,3162641,18.38,721.1809,3924.57477,number of customers,cents per kilowatt-hour,million dollars,million kilowatt hours
2018-04,MA,Massachusetts,TRA,transportation,2,5.86,1.61135,27.50517,number of customers,cents per kilowatt-hour,million dollars,million kilowatt hours
2018-04,MA,Massachusetts,RES,residential,2749626,22.25,312.87867,1405.88715,number of customers,cents per kilowatt-hour,million dollars,million kilowatt hours
2018-04,MA,Massachusetts,OTH,other,,,,,number of customers,cents per kilowatt-hour,million dollars,million kilowatt hours
2018-04,MA,Massachusetts,IND,industrial,10373,14.72,76.89014,522.44682,number of customers,cents per kilowatt-hour,million dollars,million kilowatt hours
2018-04,MA,Massachusetts,COM,commercial,402640,16.75,329.80074,1968.73563,number of customers,cents per kilowatt-hour,million dollars,million kilowatt hours
2018-03,MA,Massachusetts,OTH,other,,,,,number of customers,cents per kilowatt-hour,million dollars,million kilowatt hours
2018-03,MA,Massachusetts,IND,industrial,10498,14.66,79.17941,540.2173,number of customers,cents per kilowatt-hour,million dollars,million kilowatt hours
2018-03,MA,Massachusetts,COM,commercial,402862,17.78,354.64747,1994.9274,number of customers,cents per kilowatt-hour,million dollars,million kilowatt hours
2018-03,MA,Massachusetts,ALL,all sectors,3171351,19.03,783.52597,4116.46873,number of customers,cents per kilowatt-hour,million dollars,million kilowatt hours
2018-03,MA,Massachusetts,TRA,transportation,2,5.97,1.93562,32.39823,number of customers,cents per kilowatt-hour,million dollars,million kilowatt hours
2018-03,MA,Massachusetts,RES,residential,2757989,22.45,347.76348,1548.9258,number of customers,cents per kilowatt-hour,million dollars,million kilowatt hours
2018-02,MA,Massachusetts,ALL,all sectors,3181483,19.27,811.58294,4211.85547,number of customers,cents per kilowatt-hour,million dollars,million kilowatt hours
2018-02,MA,Massachusetts,TRA,transportation,2,8.86,2.58233,29.14096,number of customers,cents per kilowatt-hour,million dollars,million kilowatt hours
2018-02,MA,Massachusetts,RES,residential,2776955,22.19,360.53474,1625.08979,number of customers,cents per kilowatt-hour,million dollars,million kilowatt hours
2018-02,MA,Massachusetts,OTH,other,,,,,number of customers,cents per kilowatt-hour,million dollars,million kilowatt hours
2018-02,MA,Massachusetts,IND,industrial,10618,15.58,79.89164,512.63291,number of customers,cents per kilowatt-hour,million dollars,million kilowatt hours
2018-02,MA,Massachusetts,COM,commercial,393908,18.02,368.57423,2044.99181,number of customers,cents per kilowatt-hour,million dollars,million kilowatt hours
2018-01,MA,Massachusetts,ALL,all sectors,3186696,19.66,952.63022,4845.49717,number of customers,cents per kilowatt-hour,million dollars,million kilowatt hours
2018-01,MA,Massachusetts,TRA,transportation,2,9.79,3.39731,34.70144,number of customers,cents per kilowatt-hour,million dollars,million kilowatt hours
2018-01,MA,Massachusetts,RES,residential,2778451,22.73,460.4114,2025.95281,number of customers,cents per kilowatt-hour,million dollars,million kilowatt hours
2018-01,MA,Massachusetts,OTH,other,,,,,number of customers,cents per kilowatt-hour,million dollars,million kilowatt hours
2018-01,MA,Massachusetts,IND,industrial,10578,15.56,84.89762,545.68159,number of customers,cents per kilowatt-hour,million dollars,million kilowatt hours
2018-01,MA,Massachusetts,COM,commercial,397665,18.04,403.92389,2239.16133,number of customers,cents per kilowatt-hour,million dollars,million kilowatt hours
2017-12,MA,Massachusetts,ALL,all sectors,3168525,17.26,798.1831,4625.11379,number of customers,cents per kilowatt-hour,million dollars,million kilowatt hours
2017-12,MA,Massachusetts,TRA,transportation,2,8.04,2.68993,33.44637,number of customers,cents per kilowatt-hour,million dollars,million kilowatt hours
2017-12,MA,Massachusetts,RES,residential,2749877,20.05,362.91783,1810.23829,number of customers,cents per kilowatt-hour,million dollars,million kilowatt hours
2017-12,MA,Massachusetts,OTH,other,,,,,number of customers,cents per kilowatt-hour,million dollars,million kilowatt hours
2017-12,MA,Massachusetts,IND,industrial,10233,14.3,81.85583,572.56364,number of customers,cents per kilowatt-hour,million dollars,million kilowatt hours
2017-12,MA,Massachusetts,COM,commercial,408413,15.88,350.71951,2208.86548,number of customers,cents per kilowatt-hour,million dollars,million kilowatt hours
2017-11,MA,Massachusetts,ALL,all sectors,3206086,17.15,699.19565,4077.86147,number of customers,cents per kilowatt-hour,million dollars,million kilowatt hours
2017-11,MA,Massachusetts,TRA,transportation,2,5.59,1.54401,27.59964,number of customers,cents per kilowatt-hour,million dollars,million kilowatt hours
2017-11,MA,Massachusetts,RES,residential,2780013,20.44,288.85597,1412.96613,number of customers,cents per kilowatt-hour,million dollars,million kilowatt hours
2017-11,MA,Massachusetts,OTH,other,,,,,number of customers,cents per kilowatt-hour,million dollars,million kilowatt hours
2017-11,MA,Massachusetts,IND,industrial,10322,13.96,77.39191,554.5069,number of customers,cents per kilowatt-hour,million dollars,million kilowatt hours
2017-11,MA,Massachusetts,COM,commercial,415749,15.91,331.40377,2082.7888,number of customers,cents per kilowatt-hour,million dollars,million kilowatt hours
2017-10,MA,Massachusetts,ALL,all sectors,3154061,17.18,690.79407,4019.92494,number of customers,cents per kilowatt-hour,million dollars,million kilowatt hours
2017-10,MA,Massachusetts,TRA,transportation,2,5.36,1.43176,26.71187,number of customers,cents per kilowatt-hour,million dollars,million kilowatt hours
2017-10,MA,Massachusetts,RES,residential,2738673,20.45,281.00809,1374.11602,number of customers,cents per kilowatt-hour,million dollars,million kilowatt hours
2017-10,MA,Massachusetts,OTH,other,,,,,number of customers,cents per kilowatt-hour,million dollars,million kilowatt hours
2017-10,MA,Massachusetts,IND,industrial,10297,13.85,78.08237,563.74958,number of customers,cents per kilowatt-hour,million dollars,million kilowatt hours
2017-10,MA,Massachusetts,COM,commercial,405089,16.07,330.27184,2055.34747,number of customers,cents per kilowatt-hour,million dollars,million kilowatt hours
2017-09,MA,Massachusetts,ALL,all sectors,3170236,17.88,775.47759,4338.24476,number of customers,cents per kilowatt-hour,million dollars,million kilowatt hours
2017-09,MA,Massachusetts,TRA,transportation,2,5.17,1.36323,26.35344,number of customers,cents per kilowatt-hour,million dollars,million kilowatt hours
2017-09,MA,Massachusetts,RES,residential,2752160,20.83,321.42504,1542.89994,number of customers,cents per kilowatt-hour,million dollars,million kilowatt hours
2017-09,MA,Massachusetts,OTH,other,,,,,number of customers,cents per kilowatt-hour,million dollars,million kilowatt hours
2017-09,MA,Massachusetts,IND,industrial,10395,14.22,82.305,578.97759,number of customers,cents per kilowatt-hour,million dollars,million kilowatt hours
2017-09,MA,Massachusetts,COM,commercial,407679,16.91,370.38433,2190.01379,number of customers,cents per kilowatt-hour,million dollars,million kilowatt hours
2017-08,MA,Massachusetts,ALL,all sectors,3141929,17.25,857.67907,4971.0943,number of customers,cents per kilowatt-hour,million dollars,million kilowatt hours
2017-08,MA,Massachusetts,TRA,transportation,2,5.3,1.49325,28.19112,number of customers,cents per kilowatt-hour,million dollars,million kilowatt hours
2017-08,MA,Massachusetts,RES,residential,2722543,19.66,377.58586,1920.60679,number of customers,cents per kilowatt-hour,million dollars,million kilowatt hours
2017-08,MA,Massachusetts,OTH,other,,,,,number of customers,cents per kilowatt-hour,million dollars,million kilowatt hours
2017-08,MA,Massachusetts,IND,industrial,10356,14.18,85.04045,599.58904,number of customers,cents per kilowatt-hour,million dollars,million kilowatt hours
2017-08,MA,Massachusetts,COM,commercial,409028,16.24,393.55951,2422.70735,number of customers,cents per kilowatt-hour,million dollars,million kilowatt hours
2017-07,MA,Massachusetts,ALL,all sectors,3188882,17.36,889.59829,5124.20517,number of customers,cents per kilowatt-hour,million dollars,million kilowatt hours
2017-07,MA,Massachusetts,TRA,transportation,2,5.42,1.52669,28.17667,number of customers,cents per kilowatt-hour,million dollars,million kilowatt hours
2017-07,MA,Massachusetts,RES,residential,2768949,19.72,392.6239,1990.5874,number of customers,cents per kilowatt-hour,million dollars,million kilowatt hours
2017-07,MA,Massachusetts,OTH,other,,,,,number of customers,cents per kilowatt-hour,million dollars,million kilowatt hours
2017-07,MA,Massachusetts,IND,industrial,10292,14.17,92.11712,650.17409,number of customers,cents per kilowatt-hour,million dollars,million kilowatt hours
2017-07,MA,Massachusetts,COM,commercial,409639,16.43,403.33058,2455.26701,number of customers,cents per kilowatt-hour,million dollars,million kilowatt hours
2017-06,MA,Massachusetts,ALL,all sectors,3214053,17.14,760.56029,4437.87885,number of customers,cents per kilowatt-hour,million dollars,million kilowatt hours
2017-06,MA,Massachusetts,TRA,transportation,2,5.32,1.44162,27.08581,number of customers,cents per kilowatt-hour,million dollars,million kilowatt hours
2017-06,MA,Massachusetts,RES,residential,2790718,19.62,314.66623,1603.53229,number of customers,cents per kilowatt-hour,million dollars,million kilowatt hours
2017-06,MA,Massachusetts,OTH,other,,,,,number of customers,cents per kilowatt-hour,million dollars,million kilowatt hours
2017-06,MA,Massachusetts,IND,industrial,10412,14.05,81.03216,576.57104,number of customers,cents per kilowatt-hour,million dollars,million kilowatt hours
2017-06,MA,Massachusetts,COM,commercial,412921,16.29,363.42029,2230.68971,number of customers,cents per kilowatt-hour,million dollars,million kilowatt hours
2017-05,MA,Massachusetts,ALL,all sectors,3184114,16.36,646.95836,3954.99029,number of customers,cents per kilowatt-hour,million dollars,million kilowatt hours
2017-05,MA,Massachusetts,TRA,transportation,2,5.55,1.48173,26.69485,number of customers,cents per kilowatt-hour,million dollars,million kilowatt hours
2017-05,MA,Massachusetts,RES,residential,2764360,19.76,265.32667,1342.93846,number of customers,cents per kilowatt-hour,million dollars,million kilowatt hours
2017-05,MA,Massachusetts,OTH,other,,,,,number of customers,cents per kilowatt-hour,million dollars,million kilowatt hours
2017-05,MA,Massachusetts,IND,industrial,10333,13.27,76.02355,573.00111,number of customers,cents per kilowatt-hour,million dollars,million kilowatt hours
2017-05,MA,Massachusetts,COM,commercial,409419,15.11,304.12642,2012.35586,number of customers,cents per kilowatt-hour,million dollars,million kilowatt hours
2017-04,MA,Massachusetts,ALL,all sectors,3197562,17.08,665.54331,3895.82949,number of customers,cents per kilowatt-hour,million dollars,million kilowatt hours
2017-04,MA,Massachusetts,TRA,transportation,2,5.63,1.56545,27.8223,number of customers,cents per kilowatt-hour,million dollars,million kilowatt hours
2017-04,MA,Massachusetts,RES,residential,2776719,20.99,287.67672,1370.34488,number of customers,cents per kilowatt-hour,million dollars,million kilowatt hours
2017-04,MA,Massachusetts,OTH,other,,,,,number of customers,cents per kilowatt-hour,million dollars,million kilowatt hours
2017-04,MA,Massachusetts,IND,industrial,10409,13.52,72.44514,535.85656,number of customers,cents per kilowatt-hour,million dollars,million kilowatt hours
2017-04,MA,Massachusetts,COM,commercial,410432,15.49,303.85601,1961.80575,number of customers,cents per kilowatt-hour,million dollars,million kilowatt hours
2017-03,MA,Massachusetts,ALL,all sectors,3234387,16.46,730.32229,4436.88852,number of customers,cents per kilowatt-hour,million dollars,million kilowatt hours
2017-03,MA,Massachusetts,TRA,transportation,2,5.92,1.94237,32.82112,number of customers,cents per kilowatt-hour,million dollars,million kilowatt hours
2017-03,MA,Massachusetts,RES,residential,2813099,19.53,319.94929,1638.33517,number of customers,cents per kilowatt-hour,million dollars,million kilowatt hours
2017-03,MA,Massachusetts,OTH,other,,,,,number of customers,cents per kilowatt-hour,million dollars,million kilowatt hours
2017-03,MA,Massachusetts,IND,industrial,10459,13.61,79.04989,580.85671,number of customers,cents per kilowatt-hour,million dollars,million kilowatt hours
2017-03,MA,Massachusetts,COM,commercial,410827,15.08,329.38074,2184.87551,number of customers,cents per kilowatt-hour,million dollars,million kilowatt hours
2017-02,MA,Massachusetts,ALL,all sectors,3196580,17.25,705.86941,4091.52822,number of customers,cents per kilowatt-hour,million dollars,million kilowatt hours
2017-02,MA,Massachusetts,TRA,transportation,2,8.35,2.52692,30.25573,number of customers,cents per kilowatt-hour,million dollars,million kilowatt hours
2017-02,MA,Massachusetts,RES,residential,2776383,20.33,315.3277,1551.22889,number of customers,cents per kilowatt-hour,million dollars,million kilowatt hours
2017-02,MA,Massachusetts,OTH,other,,,,,number of customers,cents per kilowatt-hour,million dollars,million kilowatt hours
2017-02,MA,Massachusetts,IND,industrial,10351,13.51,71.49452,529.33563,number of customers,cents per kilowatt-hour,million dollars,million kilowatt hours
2017-02,MA,Massachusetts,COM,commercial,409844,15.98,316.52027,1980.70796,number of customers,cents per kilowatt-hour,million dollars,million kilowatt hours
2017-01,MA,Massachusetts,RES,residential,2760362,19.76,351.73225,1780.00474,number of customers,cents per kilowatt-hour,million dollars,million kilowatt hours
2017-01,MA,Massachusetts,TRA,transportation,2,8.01,2.65208,33.10408,number of customers,cents per kilowatt-hour,million dollars,million kilowatt hours
2017-01,MA,Massachusetts,OTH,other,,,,,number of customers,cents per kilowatt-hour,million dollars,million kilowatt hours
2017-01,MA,Massachusetts,IND,industrial,10392,13.87,75.45675,544.03311,number of customers,cents per kilowatt-hour,million dollars,million kilowatt hours
2017-01,MA,Massachusetts,COM,commercial,407538,15.62,341.03034,2182.6193,number of customers,cents per kilowatt-hour,million dollars,million kilowatt hours
2017-01,MA,Massachusetts,ALL,all sectors,3178294,16.98,770.87143,4539.76123,number of customers,cents per kilowatt-hour,million dollars,million kilowatt hours
2016-12,MA,Massachusetts,RES,residential,2739000,18.81,319.14549,1696.41516,number of customers,cents per kilowatt-hour,million dollars,million kilowatt hours
2016-12,MA,Massachusetts,OTH,other,,,,,number of customers,cents per kilowatt-hour,million dollars,million kilowatt hours
2016-12,MA,Massachusetts,IND,industrial,13534,13.59,81.69354,601.2835,number of customers,cents per kilowatt-hour,million dollars,million kilowatt hours
2016-12,MA,Massachusetts,COM,commercial,401296,14.94,307.39167,2057.65498,number of customers,cents per kilowatt-hour,million dollars,million kilowatt hours
2016-12,MA,Massachusetts,ALL,all sectors,3153832,16.19,710.49007,4389.1216,number of customers,cents per kilowatt-hour,million dollars,million kilowatt hours
2016-12,MA,Massachusetts,TRA,transportation,2,6.69,2.25937,33.76795,number of customers,cents per kilowatt-hour,million dollars,million kilowatt hours
2016-11,MA,Massachusetts,ALL,all sectors,3173199,16.02,636.25406,3971.09065,number of customers,cents per kilowatt-hour,million dollars,million kilowatt hours
2016-11,MA,Massachusetts,TRA,transportation,2,5.27,1.41888,26.90679,number of customers,cents per kilowatt-hour,million dollars,million kilowatt hours
2016-11,MA,Massachusetts,RES,residential,2755691,19.14,258.3638,1349.92707,number of customers,cents per kilowatt-hour,million dollars,million kilowatt hours
2016-11,MA,Massachusetts,OTH,other,,,,,number of customers,cents per kilowatt-hour,million dollars,million kilowatt hours
2016-11,MA,Massachusetts,IND,industrial,13669,13.2,79.5435,602.81347,number of customers,cents per kilowatt-hour,million dollars,million kilowatt hours
2016-11,MA,Massachusetts,COM,commercial,403837,14.91,296.92789,1991.44332,number of customers,cents per kilowatt-hour,million dollars,million kilowatt hours
2016-10,MA,Massachusetts,ALL,all sectors,3137983,16.43,680.8184,4143.74801,number of customers,cents per kilowatt-hour,million dollars,million kilowatt hours
2016-10,MA,Massachusetts,TRA,transportation,2,5.3,1.37694,25.95964,number of customers,cents per kilowatt-hour,million dollars,million kilowatt hours
2016-10,MA,Massachusetts,RES,residential,2724471,18.82,259.33931,1378.12112,number of customers,cents per kilowatt-hour,million dollars,million kilowatt hours
2016-10,MA,Massachusetts,OTH,other,,,,,number of customers,cents per kilowatt-hour,million dollars,million kilowatt hours
2016-10,MA,Massachusetts,IND,industrial,13601,13.45,81.9356,609.21485,number of customers,cents per kilowatt-hour,million dollars,million kilowatt hours
2016-10,MA,Massachusetts,COM,commercial,399909,15.87,338.16656,2130.4524,number of customers,cents per kilowatt-hour,million dollars,million kilowatt hours
2016-09,MA,Massachusetts,ALL,all sectors,3174523,17.19,831.81595,4837.84358,number of customers,cents per kilowatt-hour,million dollars,million kilowatt hours
2016-09,MA,Massachusetts,TRA,transportation,2,5.08,1.31744,25.9355,number of customers,cents per kilowatt-hour,million dollars,million kilowatt hours
2016-09,MA,Massachusetts,RES,residential,2757138,19.69,369.6238,1877.04172,number of customers,cents per kilowatt-hour,million dollars,million kilowatt hours
2016-09,MA,Massachusetts,OTH,other,,,,,number of customers,cents per kilowatt-hour,million dollars,million kilowatt hours
2016-09,MA,Massachusetts,IND,industrial,13697,13.61,86.80298,637.59672,number of customers,cents per kilowatt-hour,million dollars,million kilowatt hours
2016-09,MA,Massachusetts,COM,commercial,403686,16.28,374.07173,2297.26965,number of customers,cents per kilowatt-hour,million dollars,million kilowatt hours
2016-08,MA,Massachusetts,ALL,all sectors,3145771,16.4,908.05771,5537.65691,number of customers,cents per kilowatt-hour,million dollars,million kilowatt hours
2016-08,MA,Massachusetts,TRA,transportation,2,6.5,1.83153,28.15785,number of customers,cents per kilowatt-hour,million dollars,million kilowatt hours
2016-08,MA,Massachusetts,RES,residential,2730781,18.02,407.94456,2263.6734,number of customers,cents per kilowatt-hour,million dollars,million kilowatt hours
2016-08,MA,Massachusetts,OTH,other,,,,,number of customers,cents per kilowatt-hour,million dollars,million kilowatt hours
2016-08,MA,Massachusetts,IND,industrial,13643,13.71,95.33507,695.37528,number of customers,cents per kilowatt-hour,million dollars,million kilowatt hours
2016-08,MA,Massachusetts,COM,commercial,401345,15.8,402.94656,2550.45038,number of customers,cents per kilowatt-hour,million dollars,million kilowatt hours
2016-07,MA,Massachusetts,ALL,all sectors,3169491,16.33,828.87732,5077.1692,number of customers,cents per kilowatt-hour,million dollars,million kilowatt hours
2016-07,MA,Massachusetts,TRA,transportation,2,5.65,1.58265,28.00659,number of customers,cents per kilowatt-hour,million dollars,million kilowatt hours
2016-07,MA,Massachusetts,RES,residential,2753464,18.02,359.19274,1993.41322,number of customers,cents per kilowatt-hour,million dollars,million kilowatt hours
2016-07,MA,Massachusetts,OTH,other,,,,,number of customers,cents per kilowatt-hour,million dollars,million kilowatt hours
2016-07,MA,Massachusetts,IND,industrial,13611,13.6,92.89255,682.80604,number of customers,cents per kilowatt-hour,million dollars,million kilowatt hours
2016-07,MA,Massachusetts,COM,commercial,402414,15.81,375.20938,2372.94336,number of customers,cents per kilowatt-hour,million dollars,million kilowatt hours
2016-06,MA,Massachusetts,RES,residential,2733704,18.45,275.95143,1495.87316,number of customers,cents per kilowatt-hour,million dollars,million kilowatt hours
2016-06,MA,Massachusetts,OTH,other,,,,,number of customers,cents per kilowatt-hour,million dollars,million kilowatt hours
2016-06,MA,Massachusetts,IND,industrial,13702,13.2,85.06063,644.41017,number of customers,cents per kilowatt-hour,million dollars,million kilowatt hours
2016-06,MA,Massachusetts,COM,commercial,391066,15.56,344.53714,2213.82848,number of customers,cents per kilowatt-hour,million dollars,million kilowatt hours
2016-06,MA,Massachusetts,ALL,all sectors,3138474,16.14,706.7882,4379.6483,number of customers,cents per kilowatt-hour,million dollars,million kilowatt hours
2016-06,MA,Massachusetts,TRA,transportation,2,4.85,1.23901,25.5365,number of customers,cents per kilowatt-hour,million dollars,million kilowatt hours
2016-05,MA,Massachusetts,ALL,all sectors,3178113,15.96,625.07471,3916.01029,number of customers,cents per kilowatt-hour,million dollars,million kilowatt hours
2016-05,MA,Massachusetts,TRA,transportation,2,4.83,1.26178,26.12879,number of customers,cents per kilowatt-hour,million dollars,million kilowatt hours
2016-05,MA,Massachusetts,RES,residential,2762996,18.97,245.93659,1296.34091,number of customers,cents per kilowatt-hour,million dollars,million kilowatt hours
2016-05,MA,Massachusetts,OTH,other,,,,,number of customers,cents per kilowatt-hour,million dollars,million kilowatt hours
2016-05,MA,Massachusetts,IND,industrial,13669,12.87,80.92618,628.726,number of customers,cents per kilowatt-hour,million dollars,million kilowatt hours
2016-05,MA,Massachusetts,COM,commercial,401446,15.11,296.95016,1964.81459,number of customers,cents per kilowatt-hour,million dollars,million kilowatt hours
2016-04,MA,Massachusetts,ALL,all sectors,3140659,16.64,654.57316,3933.89043,number of customers,cents per kilowatt-hour,million dollars,million kilowatt hours
2016-04,MA,Massachusetts,TRA,transportation,2,5.35,1.47651,27.60552,number of customers,cents per kilowatt-hour,million dollars,million kilowatt hours
2016-04,MA,Massachusetts,RES,residential,2727164,19.89,271.4763,1365.23492,number of customers,cents per kilowatt-hour,million dollars,million kilowatt hours
2016-04,MA,Massachusetts,OTH,other,,,,,number of customers,cents per kilowatt-hour,million dollars,million kilowatt hours
2016-04,MA,Massachusetts,IND,industrial,13667,13.15,78.47187,596.63976,number of customers,cents per kilowatt-hour,million dollars,million kilowatt hours
2016-04,MA,Massachusetts,COM,commercial,399826,15.59,303.14848,1944.41022,number of customers,cents per kilowatt-hour,million dollars,million kilowatt hours
2016-03,MA,Massachusetts,TRA,transportation,2,6.07,1.80608,29.76264,number of customers,cents per kilowatt-hour,million dollars,million kilowatt hours
2016-03,MA,Massachusetts,RES,residential,2749279,19.62,298.92966,1523.7664,number of customers,cents per kilowatt-hour,million dollars,million kilowatt hours
2016-03,MA,Massachusetts,OTH,other,,,,,number of customers,cents per kilowatt-hour,million dollars,million kilowatt hours
2016-03,MA,Massachusetts,IND,industrial,13779,13.34,80.25617,601.583,number of customers,cents per kilowatt-hour,million dollars,million kilowatt hours
2016-03,MA,Massachusetts,COM,commercial,429661,15.61,334.30675,2141.32299,number of customers,cents per kilowatt-hour,million dollars,million kilowatt hours
2016-03,MA,Massachusetts,ALL,all sectors,3192721,16.65,715.29867,4296.43503,number of customers,cents per kilowatt-hour,million dollars,million kilowatt hours
2016-02,MA,Massachusetts,ALL,all sectors,3155984,17.06,739.04505,4331.43314,number of customers,cents per kilowatt-hour,million dollars,million kilowatt hours
2016-02,MA,Massachusetts,TRA,transportation,2,7.81,2.40092,30.75579,number of customers,cents per kilowatt-hour,million dollars,million kilowatt hours
2016-02,MA,Massachusetts,RES,residential,2741040,19.75,328.93407,1665.44776,number of customers,cents per kilowatt-hour,million dollars,million kilowatt hours
2016-02,MA,Massachusetts,OTH,other,,,,,number of customers,cents per kilowatt-hour,million dollars,million kilowatt hours
2016-02,MA,Massachusetts,IND,industrial,13745,13.46,79.19519,588.57865,number of customers,cents per kilowatt-hour,million dollars,million kilowatt hours
2016-02,MA,Massachusetts,COM,commercial,401197,16.05,328.51487,2046.65094,number of customers,cents per kilowatt-hour,million dollars,million kilowatt hours
2016-01,MA,Massachusetts,ALL,all sectors,3128901,16.62,775.00372,4661.84086,number of customers,cents per kilowatt-hour,million dollars,million kilowatt hours
2016-01,MA,Massachusetts,TRA,transportation,2,7.01,2.33198,33.27944,number of customers,cents per kilowatt-hour,million dollars,million kilowatt hours
2016-01,MA,Massachusetts,RES,residential,2715618,19.41,347.02141,1787.64115,number of customers,cents per kilowatt-hour,million dollars,million kilowatt hours
2016-01,MA,Massachusetts,OTH,other,,,,,number of customers,cents per kilowatt-hour,million dollars,million kilowatt hours
2016-01,MA,Massachusetts,IND,industrial,13759,13.28,82.09144,618.35259,number of customers,cents per kilowatt-hour,million dollars,million kilowatt hours
2016-01,MA,Massachusetts,COM,commercial,399522,15.46,343.55889,2222.56768,number of customers,cents per kilowatt-hour,million dollars,million kilowatt hours
2015-12,MA,Massachusetts,ALL,all sectors,3222982,16.51,711.06,4308.10186,number of customers,cents per kilowatt-hour,million dollars,million kilowatt hours
2015-12,MA,Massachusetts,TRA,transportation,3,7.7,2.25796,29.31257,number of customers,cents per kilowatt-hour,million dollars,million kilowatt hours
2015-12,MA,Massachusetts,RES,residential,2802288,19.63,310.95972,1584.1657,number of customers,cents per kilowatt-hour,million dollars,million kilowatt hours
2015-12,MA,Massachusetts,OTH,other,,,,,number of customers,cents per kilowatt-hour,million dollars,million kilowatt hours
2015-12,MA,Massachusetts,IND,industrial,14036,13.09,80.55103,615.21595,number of customers,cents per kilowatt-hour,million dollars,million kilowatt hours
2015-12,MA,Massachusetts,COM,commercial,406655,15.26,317.2913,2079.40764,number of customers,cents per kilowatt-hour,million dollars,million kilowatt hours
2015-11,MA,Massachusetts,ALL,all sectors,3251197,15.59,625.44083,4011.86257,number of customers,cents per kilowatt-hour,million dollars,million kilowatt hours
2015-11,MA,Massachusetts,TRA,transportation,3,6.75,1.8058,26.755,number of customers,cents per kilowatt-hour,million dollars,million kilowatt hours
2015-11,MA,Massachusetts,RES,residential,2828963,18.35,248.33514,1353.24422,number of customers,cents per kilowatt-hour,million dollars,million kilowatt hours
2015-11,MA,Massachusetts,OTH,other,,,,,number of customers,cents per kilowatt-hour,million dollars,million kilowatt hours
2015-11,MA,Massachusetts,IND,industrial,14112,13.19,82.91296,628.75329,number of customers,cents per kilowatt-hour,million dollars,million kilowatt hours
2015-11,MA,Massachusetts,COM,commercial,408119,14.6,292.38693,2003.11006,number of customers,cents per kilowatt-hour,million dollars,million kilowatt hours
2015-10,MA,Massachusetts,COM,commercial,405435,15.27,329.04532,2154.84726,number of customers,cents per kilowatt-hour,million dollars,million kilowatt hours
2015-10,MA,Massachusetts,ALL,all sectors,3213043,15.97,676.39749,4235.61153,number of customers,cents per kilowatt-hour,million dollars,million kilowatt hours
2015-10,MA,Massachusetts,TRA,transportation,3,7.01,1.86944,26.65902,number of customers,cents per kilowatt-hour,million dollars,million kilowatt hours
2015-10,MA,Massachusetts,RES,residential,2793500,18.42,257.95328,1400.74842,number of customers,cents per kilowatt-hour,million dollars,million kilowatt hours
2015-10,MA,Massachusetts,OTH,other,,,,,number of customers,cents per kilowatt-hour,million dollars,million kilowatt hours
2015-10,MA,Massachusetts,IND,industrial,14105,13.4,87.52946,653.35682,number of customers,cents per kilowatt-hour,million dollars,million kilowatt hours
2015-09,MA,Massachusetts,TRA,transportation,3,8.31,2.22505,26.78518,number of customers,cents per kilowatt-hour,million dollars,million kilowatt hours
2015-09,MA,Massachusetts,RES,residential,2796546,18.87,347.88405,1843.96602,number of customers,cents per kilowatt-hour,million dollars,million kilowatt hours
2015-09,MA,Massachusetts,OTH,other,,,,,number of customers,cents per kilowatt-hour,million dollars,million kilowatt hours
2015-09,MA,Massachusetts,IND,industrial,14204,13.76,91.31039,663.64379,number of customers,cents per kilowatt-hour,million dollars,million kilowatt hours
2015-09,MA,Massachusetts,COM,commercial,405444,15.72,366.47135,2331.48916,number of customers,cents per kilowatt-hour,million dollars,million kilowatt hours
2015-09,MA,Massachusetts,ALL,all sectors,3216197,16.6,807.89085,4865.88415,number of customers,cents per kilowatt-hour,million dollars,million kilowatt hours
2015-08,MA,Massachusetts,ALL,all sectors,3212535,16.22,844.61172,5208.5279,number of customers,cents per kilowatt-hour,million dollars,million kilowatt hours
2015-08,MA,Massachusetts,TRA,transportation,3,8.22,2.33444,28.40422,number of customers,cents per kilowatt-hour,million dollars,million kilowatt hours
2015-08,MA,Massachusetts,RES,residential,2793580,18.02,368.10858,2043.27009,number of customers,cents per kilowatt-hour,million dollars,million kilowatt hours
2015-08,MA,Massachusetts,OTH,other,,,,,number of customers,cents per kilowatt-hour,million dollars,million kilowatt hours
2015-08,MA,Massachusetts,IND,industrial,14213,13.8,97.30025,705.21922,number of customers,cents per kilowatt-hour,million dollars,million kilowatt hours
2015-08,MA,Massachusetts,COM,commercial,404739,15.5,376.86845,2431.63438,number of customers,cents per kilowatt-hour,million dollars,million kilowatt hours
2015-07,MA,Massachusetts,ALL,all sectors,3212873,16.11,811.13027,5034.31256,number of customers,cents per kilowatt-hour,million dollars,million kilowatt hours
2015-07,MA,Massachusetts,TRA,transportation,3,7.63,2.21739,29.06262,number of customers,cents per kilowatt-hour,million dollars,million kilowatt hours
2015-07,MA,Massachusetts,RES,residential,2793839,18.06,342.78606,1898.2469,number of customers,cents per kilowatt-hour,million dollars,million kilowatt hours
2015-07,MA,Massachusetts,OTH,other,,,,,number of customers,cents per kilowatt-hour,million dollars,million kilowatt hours
2015-07,MA,Massachusetts,IND,industrial,14038,13.61,93.91098,689.86448,number of customers,cents per kilowatt-hour,million dollars,million kilowatt hours
2015-07,MA,Massachusetts,COM,commercial,404993,15.4,372.21585,2417.13856,number of customers,cents per kilowatt-hour,million dollars,million kilowatt hours
2015-06,MA,Massachusetts,ALL,all sectors,3230443,16.36,721.71027,4410.7816,number of customers,cents per kilowatt-hour,million dollars,million kilowatt hours
2015-06,MA,Massachusetts,TRA,transportation,3,7.36,1.97131,26.80155,number of customers,cents per kilowatt-hour,million dollars,million kilowatt hours
2015-06,MA,Massachusetts,RES,residential,2790777,19.54,295.76557,1513.6269,number of customers,cents per kilowatt-hour,million dollars,million kilowatt hours
2015-06,MA,Massachusetts,OTH,other,,,,,number of customers,cents per kilowatt-hour,million dollars,million kilowatt hours
2015-06,MA,Massachusetts,IND,industrial,14060,13.42,92.24971,687.28709,number of customers,cents per kilowatt-hour,million dollars,million kilowatt hours
2015-06,MA,Massachusetts,COM,commercial,425603,15.2,331.72368,2183.06606,number of customers,cents per kilowatt-hour,million dollars,million kilowatt hours
2015-05,MA,Massachusetts,ALL,all sectors,3212362,16.37,666.57431,4072.92956,number of customers,cents per kilowatt-hour,million dollars,million kilowatt hours
2015-05,MA,Massachusetts,TRA,transportation,3,7.3,2.00198,27.41968,number of customers,cents per kilowatt-hour,million dollars,million kilowatt hours
2015-05,MA,Massachusetts,RES,residential,2793886,20.7,274.02443,1323.79324,number of customers,cents per kilowatt-hour,million dollars,million kilowatt hours
2015-05,MA,Massachusetts,OTH,other,,,,,number of customers,cents per kilowatt-hour,million dollars,million kilowatt hours
2015-05,MA,Massachusetts,IND,industrial,14076,12.7,91.771,722.35959,number of customers,cents per kilowatt-hour,million dollars,million kilowatt hours
2015-05,MA,Massachusetts,COM,commercial,404397,14.94,298.7769,1999.35705,number of customers,cents per kilowatt-hour,million dollars,million kilowatt hours
2015-04,MA,Massachusetts,ALL,all sectors,3210866,17.47,724.83309,4149.417,number of customers,cents per kilowatt-hour,million dollars,million kilowatt hours
2015-04,MA,Massachusetts,TRA,transportation,3,6.99,2.00744,28.72294,number of customers,cents per kilowatt-hour,million dollars,million kilowatt hours
2015-04,MA,Massachusetts,RES,residential,2792626,21.66,314.82143,1453.58318,number of customers,cents per kilowatt-hour,million dollars,million kilowatt hours
2015-04,MA,Massachusetts,OTH,other,,,,,number of customers,cents per kilowatt-hour,million dollars,million kilowatt hours
2015-04,MA,Massachusetts,IND,industrial,14083,13.25,84.24435,635.8411,number of customers,cents per kilowatt-hour,million dollars,million kilowatt hours
2015-04,MA,Massachusetts,COM,commercial,404154,15.94,323.75987,2031.26979,number of customers,cents per kilowatt-hour,million dollars,million kilowatt hours
2015-03,MA,Massachusetts,ALL,all sectors,3211524,18.67,865.46443,4636.70833,number of customers,cents per kilowatt-hour,million dollars,million kilowatt hours
2015-03,MA,Massachusetts,TRA,transportation,3,7.86,2.69784,34.31545,number of customers,cents per kilowatt-hour,million dollars,million kilowatt hours
2015-03,MA,Massachusetts,RES,residential,2792236,22.1,397.21622,1797.74389,number of customers,cents per kilowatt-hour,million dollars,million kilowatt hours
2015-03,MA,Massachusetts,OTH,other,,,,,number of customers,cents per kilowatt-hour,million dollars,million kilowatt hours
2015-03,MA,Massachusetts,IND,industrial,14129,14.15,90.80883,641.79016,number of customers,cents per kilowatt-hour,million dollars,million kilowatt hours
2015-03,MA,Massachusetts,COM,commercial,405156,17.33,374.74154,2162.85883,number of customers,cents per kilowatt-hour,million dollars,million kilowatt hours
2015-02,MA,Massachusetts,ALL,all sectors,3206734,18.85,904.44658,4798.45749,number of customers,cents per kilowatt-hour,million dollars,million kilowatt hours
2015-02,MA,Massachusetts,TRA,transportation,3,9.72,3.26409,33.59742,number of customers,cents per kilowatt-hour,million dollars,million kilowatt hours
2015-02,MA,Massachusetts,RES,residential,2787462,21.7,425.39219,1960.21038,number of customers,cents per kilowatt-hour,million dollars,million kilowatt hours
2015-02,MA,Massachusetts,OTH,other,,,,,number of customers,cents per kilowatt-hour,million dollars,million kilowatt hours
2015-02,MA,Massachusetts,IND,industrial,14112,14.7,92.00808,626.09136,number of customers,cents per kilowatt-hour,million dollars,million kilowatt hours
2015-02,MA,Massachusetts,COM,commercial,405157,17.62,383.78222,2178.55834,number of customers,cents per kilowatt-hour,million dollars,million kilowatt hours
2015-01,MA,Massachusetts,ALL,all sectors,3192205,17.85,872.59595,4888.49346,number of customers,cents per kilowatt-hour,million dollars,million kilowatt hours
2015-01,MA,Massachusetts,TRA,transportation,3,7.8,2.76551,35.46336,number of customers,cents per kilowatt-hour,million dollars,million kilowatt hours
2015-01,MA,Massachusetts,RES,residential,2773313,20.81,416.7749,2002.71808,number of customers,cents per kilowatt-hour,million dollars,million kilowatt hours
2015-01,MA,Massachusetts,OTH,other,,,,,number of customers,cents per kilowatt-hour,million dollars,million kilowatt hours
2015-01,MA,Massachusetts,IND,industrial,14021,13.54,84.32985,622.74215,number of customers,cents per kilowatt-hour,million dollars,million kilowatt hours
2015-01,MA,Massachusetts,COM,commercial,404868,16.55,368.72569,2227.56988,number of customers,cents per kilowatt-hour,million dollars,million kilowatt hours
2014-12,MA,Massachusetts,ALL,all sectors,3143766,16.42,736.24398,4482.58946,number of customers,cents per kilowatt-hour,million dollars,million kilowatt hours
2014-12,MA,Massachusetts,TRA,transportation,2,8.87,2.79053,31.47098,number of customers,cents per kilowatt-hour,million dollars,million kilowatt hours
2014-12,MA,Massachusetts,RES,residential,2731115,19.89,340.44919,1711.48814,number of customers,cents per kilowatt-hour,million dollars,million kilowatt hours
2014-12,MA,Massachusetts,OTH,other,,,,,number of customers,cents per kilowatt-hour,million dollars,million kilowatt hours
2014-12,MA,Massachusetts,IND,industrial,14876,12.36,80.98889,655.11232,number of customers,cents per kilowatt-hour,million dollars,million kilowatt hours
2014-12,MA,Massachusetts,COM,commercial,397773,14.97,312.01536,2084.51803,number of customers,cents per kilowatt-hour,million dollars,million kilowatt hours
2014-11,MA,Massachusetts,ALL,all sectors,3146350,14.69,620.66205,4226.19279,number of customers,cents per kilowatt-hour,million dollars,million kilowatt hours
2014-11,MA,Massachusetts,TRA,transportation,2,8.96,2.52247,28.14368,number of customers,cents per kilowatt-hour,million dollars,million kilowatt hours
2014-11,MA,Massachusetts,RES,residential,2729944,17.61,257.67697,1463.318,number of customers,cents per kilowatt-hour,million dollars,million kilowatt hours
2014-11,MA,Massachusetts,OTH,other,,,,,number of customers,cents per kilowatt-hour,million dollars,million kilowatt hours
2014-11,MA,Massachusetts,IND,industrial,14934,11.7,80.62285,689.22678,number of customers,cents per kilowatt-hour,million dollars,million kilowatt hours
2014-11,MA,Massachusetts,COM,commercial,401470,13.68,279.83976,2045.50434,number of customers,cents per kilowatt-hour,million dollars,million kilowatt hours
2014-10,MA,Massachusetts,ALL,all sectors,3143437,14.56,612.64544,4206.37987,number of customers,cents per kilowatt-hour,million dollars,million kilowatt hours
2014-10,MA,Massachusetts,TRA,transportation,2,9.03,2.42054,26.81096,number of customers,cents per kilowatt-hour,million dollars,million kilowatt hours
2014-10,MA,Massachusetts,RES,residential,2726933,16.9,229.78106,1359.96979,number of customers,cents per kilowatt-hour,million dollars,million kilowatt hours
2014-10,MA,Massachusetts,OTH,other,,,,,number of customers,cents per kilowatt-hour,million dollars,million kilowatt hours
2014-10,MA,Massachusetts,IND,industrial,14889,11.9,81.98685,689.06741,number of customers,cents per kilowatt-hour,million dollars,million kilowatt hours
2014-10,MA,Massachusetts,COM,commercial,401613,14.01,298.45699,2130.53171,number of customers,cents per kilowatt-hour,million dollars,million kilowatt hours
2014-09,MA,Massachusetts,ALL,all sectors,3109298,15.05,701.39538,4659.49782,number of customers,cents per kilowatt-hour,million dollars,million kilowatt hours
2014-09,MA,Massachusetts,TRA,transportation,3,9.05,2.39843,26.51552,number of customers,cents per kilowatt-hour,million dollars,million kilowatt hours
2014-09,MA,Massachusetts,RES,residential,2696144,16.75,283.9794,1695.53144,number of customers,cents per kilowatt-hour,million dollars,million kilowatt hours
2014-09,MA,Massachusetts,OTH,other,,,,,number of customers,cents per kilowatt-hour,million dollars,million kilowatt hours
2014-09,MA,Massachusetts,IND,industrial,14926,12.85,81.44373,633.89928,number of customers,cents per kilowatt-hour,million dollars,million kilowatt hours
2014-09,MA,Massachusetts,COM,commercial,398225,14.48,333.57383,2303.55159,number of customers,cents per kilowatt-hour,million dollars,million kilowatt hours
2014-08,MA,Massachusetts,ALL,all sectors,3147710,15.56,752.88309,4839.41512,number of customers,cents per kilowatt-hour,million dollars,million kilowatt hours
2014-08,MA,Massachusetts,TRA,transportation,3,8.94,2.49087,27.85846,number of customers,cents per kilowatt-hour,million dollars,million kilowatt hours
2014-08,MA,Massachusetts,RES,residential,2731254,17.75,314.93306,1773.99366,number of customers,cents per kilowatt-hour,million dollars,million kilowatt hours
2014-08,MA,Massachusetts,OTH,other,,,,,number of customers,cents per kilowatt-hour,million dollars,million kilowatt hours
2014-08,MA,Massachusetts,IND,industrial,14996,12.87,93.09111,723.49489,number of customers,cents per kilowatt-hour,million dollars,million kilowatt hours
2014-08,MA,Massachusetts,COM,commercial,401457,14.8,342.36806,2314.06812,number of customers,cents per kilowatt-hour,million dollars,million kilowatt hours
2014-07,MA,Massachusetts,ALL,all sectors,3125447,15.03,771.38723,5131.74877,number of customers,cents per kilowatt-hour,million dollars,million kilowatt hours
2014-07,MA,Massachusetts,TRA,transportation,3,8.7,2.55611,29.3759,number of customers,cents per kilowatt-hour,million dollars,million kilowatt hours
2014-07,MA,Massachusetts,RES,residential,2711048,16.27,321.48042,1975.38466,number of customers,cents per kilowatt-hour,million dollars,million kilowatt hours
2014-07,MA,Massachusetts,OTH,other,,,,,number of customers,cents per kilowatt-hour,million dollars,million kilowatt hours
2014-07,MA,Massachusetts,IND,industrial,14865,13.02,94.69213,727.1601,number of customers,cents per kilowatt-hour,million dollars,million kilowatt hours
2014-07,MA,Massachusetts,COM,commercial,399531,14.7,352.65857,2399.82811,number of customers,cents per kilowatt-hour,million dollars,million kilowatt hours
2014-06,MA,Massachusetts,ALL,all sectors,3115074,14.91,650.44848,4361.26178,number of customers,cents per kilowatt-hour,million dollars,million kilowatt hours
2014-06,MA,Massachusetts,TRA,transportation,3,9.1,2.48026,27.24386,number of customers,cents per kilowatt-hour,million dollars,million kilowatt hours
2014-06,MA,Massachusetts,RES,residential,2709814,16.56,246.77749,1490.37791,number of customers,cents per kilowatt-hour,million dollars,million kilowatt hours
2014-06,MA,Massachusetts,OTH,other,,,,,number of customers,cents per kilowatt-hour,million dollars,million kilowatt hours
2014-06,MA,Massachusetts,IND,industrial,14885,13.3,85.56264,643.41926,number of customers,cents per kilowatt-hour,million dollars,million kilowatt hours
2014-06,MA,Massachusetts,COM,commercial,390372,14.35,315.62809,2200.22075,number of customers,cents per kilowatt-hour,million dollars,million kilowatt hours
2014-05,MA,Massachusetts,ALL,all sectors,3178338,14.69,595.31789,4051.63181,number of customers,cents per kilowatt-hour,million dollars,million kilowatt hours
2014-05,MA,Massachusetts,TRA,transportation,3,8.34,2.29255,27.47726,number of customers,cents per kilowatt-hour,million dollars,million kilowatt hours
2014-05,MA,Massachusetts,RES,residential,2762279,17.57,239.25116,1361.39508,number of customers,cents per kilowatt-hour,million dollars,million kilowatt hours
2014-05,MA,Massachusetts,OTH,other,,,,,number of customers,cents per kilowatt-hour,million dollars,million kilowatt hours
2014-05,MA,Massachusetts,IND,industrial,14855,12.12,80.0564,660.49429,number of customers,cents per kilowatt-hour,million dollars,million kilowatt hours
2014-05,MA,Massachusetts,COM,commercial,401201,13.67,273.71778,2002.26518,number of customers,cents per kilowatt-hour,million dollars,million kilowatt hours
2014-04,MA,Massachusetts,ALL,all sectors,3129821,15.33,629.25167,4105.68304,number of customers,cents per kilowatt-hour,million dollars,million kilowatt hours
2014-04,MA,Massachusetts,TRA,transportation,3,8.61,2.86905,33.34131,number of customers,cents per kilowatt-hour,million dollars,million kilowatt hours
2014-04,MA,Massachusetts,RES,residential,2714496,18.15,262.50669,1446.39258,number of customers,cents per kilowatt-hour,million dollars,million kilowatt hours
2014-04,MA,Massachusetts,OTH,other,,,,,number of customers,cents per kilowatt-hour,million dollars,million kilowatt hours
2014-04,MA,Massachusetts,IND,industrial,14910,12.5,78.08507,624.71379,number of customers,cents per kilowatt-hour,million dollars,million kilowatt hours
2014-04,MA,Massachusetts,COM,commercial,400412,14.28,285.79086,2001.23537,number of customers,cents per kilowatt-hour,million dollars,million kilowatt hours
2014-03,MA,Massachusetts,ALL,all sectors,3113971,15.84,737.72718,4656.91033,number of customers,cents per kilowatt-hour,million dollars,million kilowatt hours
2014-03,MA,Massachusetts,TRA,transportation,3,8.61,2.87388,33.3701,number of customers,cents per kilowatt-hour,million dollars,million kilowatt hours
2014-03,MA,Massachusetts,RES,residential,2701275,17.27,311.22659,1801.76291,number of customers,cents per kilowatt-hour,million dollars,million kilowatt hours
2014-03,MA,Massachusetts,OTH,other,,,,,number of customers,cents per kilowatt-hour,million dollars,million kilowatt hours
2014-03,MA,Massachusetts,IND,industrial,14860,13.37,87.47736,654.51966,number of customers,cents per kilowatt-hour,million dollars,million kilowatt hours
2014-03,MA,Massachusetts,COM,commercial,397833,15.51,336.14934,2167.25766,number of customers,cents per kilowatt-hour,million dollars,million kilowatt hours
2014-02,MA,Massachusetts,ALL,all sectors,3125613,16.21,766.58445,4729.54454,number of customers,cents per kilowatt-hour,million dollars,million kilowatt hours
2014-02,MA,Massachusetts,TRA,transportation,3,8.56,2.81259,32.85032,number of customers,cents per kilowatt-hour,million dollars,million kilowatt hours
2014-02,MA,Massachusetts,RES,residential,2710961,17.47,329.7554,1887.65194,number of customers,cents per kilowatt-hour,million dollars,million kilowatt hours
2014-02,MA,Massachusetts,OTH,other,,,,,number of customers,cents per kilowatt-hour,million dollars,million kilowatt hours
2014-02,MA,Massachusetts,IND,industrial,14833,13.74,85.501,622.2219,number of customers,cents per kilowatt-hour,million dollars,million kilowatt hours
2014-02,MA,Massachusetts,COM,commercial,399816,15.94,348.51546,2186.82037,number of customers,cents per kilowatt-hour,million dollars,million kilowatt hours
2014-01,MA,Massachusetts,ALL,all sectors,3126066,15.72,788.97244,5018.43666,number of customers,cents per kilowatt-hour,million dollars,million kilowatt hours
2014-01,MA,Massachusetts,TRA,transportation,3,8.57,3.12912,36.52465,number of customers,cents per kilowatt-hour,million dollars,million kilowatt hours
2014-01,MA,Massachusetts,RES,residential,2716262,16.77,352.75178,2103.89389,number of customers,cents per kilowatt-hour,million dollars,million kilowatt hours
2014-01,MA,Massachusetts,OTH,other,,,,,number of customers,cents per kilowatt-hour,million dollars,million kilowatt hours
2014-01,MA,Massachusetts,IND,industrial,14901,13.29,84.75428,637.61133,number of customers,cents per kilowatt-hour,million dollars,million kilowatt hours
2014-01,MA,Massachusetts,COM,commercial,394900,15.55,348.33726,2240.40679,number of customers,cents per kilowatt-hour,million dollars,million kilowatt hours
2013-12,MA,Massachusetts,ALL,all sectors,3127717,17.02,794.40349,4666.26713,number of customers,cents per kilowatt-hour,million dollars,million kilowatt hours
2013-12,MA,Massachusetts,TRA,transportation,2,13.45,4.67012,34.72419,number of customers,cents per kilowatt-hour,million dollars,million kilowatt hours
2013-12,MA,Massachusetts,RES,residential,2718516,20,377.82985,1889.32116,number of customers,cents per kilowatt-hour,million dollars,million kilowatt hours
2013-12,MA,Massachusetts,OTH,other,,,,,number of customers,cents per kilowatt-hour,million dollars,million kilowatt hours
2013-12,MA,Massachusetts,IND,industrial,16682,13.42,172.14279,1282.2923,number of customers,cents per kilowatt-hour,million dollars,million kilowatt hours
2013-12,MA,Massachusetts,COM,commercial,392517,16.42,239.76075,1459.92948,number of customers,cents per kilowatt-hour,million dollars,million kilowatt hours
2013-11,MA,Massachusetts,ALL,all sectors,3102217,14.26,598.19397,4195.739,number of customers,cents per kilowatt-hour,million dollars,million kilowatt hours
2013-11,MA,Massachusetts,TRA,transportation,2,13.55,3.88174,28.63903,number of customers,cents per kilowatt-hour,million dollars,million kilowatt hours
2013-11,MA,Massachusetts,RES,residential,2694752,16.14,242.37625,1501.33214,number of customers,cents per kilowatt-hour,million dollars,million kilowatt hours
2013-11,MA,Massachusetts,OTH,other,,,,,number of customers,cents per kilowatt-hour,million dollars,million kilowatt hours
2013-11,MA,Massachusetts,IND,industrial,16643,12.42,159.24195,1282.22428,number of customers,cents per kilowatt-hour,million dollars,million kilowatt hours
2013-11,MA,Massachusetts,COM,commercial,390820,13.93,192.69402,1383.54355,number of customers,cents per kilowatt-hour,million dollars,million kilowatt hours
2013-10,MA,Massachusetts,ALL,all sectors,3127438,14,585.22983,4179.42751,number of customers,cents per kilowatt-hour,million dollars,million kilowatt hours
2013-10,MA,Massachusetts,TRA,transportation,2,13.51,3.80752,28.18134,number of customers,cents per kilowatt-hour,million dollars,million kilowatt hours
2013-10,MA,Massachusetts,RES,residential,2717600,15.74,221.61103,1408.1704,number of customers,cents per kilowatt-hour,million dollars,million kilowatt hours
2013-10,MA,Massachusetts,OTH,other,,,,,number of customers,cents per kilowatt-hour,million dollars,million kilowatt hours
2013-10,MA,Massachusetts,IND,industrial,16669,12.54,166.06014,1323.97155,number of customers,cents per kilowatt-hour,million dollars,million kilowatt hours
2013-10,MA,Massachusetts,COM,commercial,393167,13.65,193.75114,1419.10422,number of customers,cents per kilowatt-hour,million dollars,million kilowatt hours
2013-09,MA,Massachusetts,ALL,all sectors,3116638,14.55,682.5288,4690.43432,number of customers,cents per kilowatt-hour,million dollars,million kilowatt hours
2013-09,MA,Massachusetts,TRA,transportation,2,13.43,3.67585,27.36641,number of customers,cents per kilowatt-hour,million dollars,million kilowatt hours
2013-09,MA,Massachusetts,RES,residential,2709762,15.94,269.93775,1693.84255,number of customers,cents per kilowatt-hour,million dollars,million kilowatt hours
2013-09,MA,Massachusetts,OTH,other,,,,,number of customers,cents per kilowatt-hour,million dollars,million kilowatt hours
2013-09,MA,Massachusetts,IND,industrial,16734,13.61,198.0538,1455.72085,number of customers,cents per kilowatt-hour,million dollars,million kilowatt hours
2013-09,MA,Massachusetts,COM,commercial,390140,13.93,210.86141,1513.50451,number of customers,cents per kilowatt-hour,million dollars,million kilowatt hours
2013-08,MA,Massachusetts,ALL,all sectors,3120971,14.76,737.87978,4997.79945,number of customers,cents per kilowatt-hour,million dollars,million kilowatt hours
2013-08,MA,Massachusetts,TRA,transportation,2,13.16,3.78981,28.79215,number of customers,cents per kilowatt-hour,million dollars,million kilowatt hours
2013-08,MA,Massachusetts,RES,residential,2712124,16.03,309.40135,1929.64784,number of customers,cents per kilowatt-hour,million dollars,million kilowatt hours
2013-08,MA,Massachusetts,OTH,other,,,,,number of customers,cents per kilowatt-hour,million dollars,million kilowatt hours
2013-08,MA,Massachusetts,IND,industrial,16647,13.77,198.06293,1438.81618,number of customers,cents per kilowatt-hour,million dollars,million kilowatt hours
2013-08,MA,Massachusetts,COM,commercial,392198,14.16,226.6257,1600.54328,number of customers,cents per kilowatt-hour,million dollars,million kilowatt hours
2013-07,MA,Massachusetts,ALL,all sectors,3121769,14.52,825.09052,5684.13398,number of customers,cents per kilowatt-hour,million dollars,million kilowatt hours
2013-07,MA,Massachusetts,TRA,transportation,2,13.55,4.10402,30.28072,number of customers,cents per kilowatt-hour,million dollars,million kilowatt hours
2013-07,MA,Massachusetts,RES,residential,2713017,15.2,349.92328,2302.34621,number of customers,cents per kilowatt-hour,million dollars,million kilowatt hours
2013-07,MA,Massachusetts,OTH,other,,,,,number of customers,cents per kilowatt-hour,million dollars,million kilowatt hours
2013-07,MA,Massachusetts,IND,industrial,16493,13.9,216.35721,1556.41907,number of customers,cents per kilowatt-hour,million dollars,million kilowatt hours
2013-07,MA,Massachusetts,COM,commercial,392257,14.19,254.70602,1795.08798,number of customers,cents per kilowatt-hour,million dollars,million kilowatt hours
2013-06,MA,Massachusetts,ALL,all sectors,3126808,14.6,665.97257,4562.44072,number of customers,cents per kilowatt-hour,million dollars,million kilowatt hours
2013-06,MA,Massachusetts,TRA,transportation,2,13.4,3.71189,27.70182,number of customers,cents per kilowatt-hour,million dollars,million kilowatt hours
2013-06,MA,Massachusetts,RES,residential,2717239,15.92,263.14457,1652.4607,number of customers,cents per kilowatt-hour,million dollars,million kilowatt hours
2013-06,MA,Massachusetts,OTH,other,,,,,number of customers,cents per kilowatt-hour,million dollars,million kilowatt hours
2013-06,MA,Massachusetts,IND,industrial,16595,13.45,183.20629,1361.73646,number of customers,cents per kilowatt-hour,million dollars,million kilowatt hours
2013-06,MA,Massachusetts,COM,commercial,392972,14.2,215.90982,1520.54175,number of customers,cents per kilowatt-hour,million dollars,million kilowatt hours
2013-05,MA,Massachusetts,ALL,all sectors,3101697,14.01,574.68137,4102.82997,number of customers,cents per kilowatt-hour,million dollars,million kilowatt hours
2013-05,MA,Massachusetts,TRA,transportation,2,13.36,3.73499,27.96494,number of customers,cents per kilowatt-hour,million dollars,million kilowatt hours
2013-05,MA,Massachusetts,RES,residential,2695386,15.82,214.47959,1355.50739,number of customers,cents per kilowatt-hour,million dollars,million kilowatt hours
2013-05,MA,Massachusetts,OTH,other,,,,,number of customers,cents per kilowatt-hour,million dollars,million kilowatt hours
2013-05,MA,Massachusetts,IND,industrial,16490,12.8,172.68396,1348.98208,number of customers,cents per kilowatt-hour,million dollars,million kilowatt hours
2013-05,MA,Massachusetts,COM,commercial,389819,13.41,183.78284,1370.37556,number of customers,cents per kilowatt-hour,million dollars,million kilowatt hours
2013-04,MA,Massachusetts,IND,industrial,16483,12.66,165.68644,1309.07136,number of customers,cents per kilowatt-hour,million dollars,million kilowatt hours
2013-04,MA,Massachusetts,COM,commercial,392172,13.5,177.78514,1316.83501,number of customers,cents per kilowatt-hour,million dollars,million kilowatt hours
2013-04,MA,Massachusetts,ALL,all sectors,3121568,13.79,570.22575,4135.26431,number of customers,cents per kilowatt-hour,million dollars,million kilowatt hours
2013-04,MA,Massachusetts,TRA,transportation,2,13.04,3.70015,28.36885,number of customers,cents per kilowatt-hour,million dollars,million kilowatt hours
2013-04,MA,Massachusetts,RES,residential,2712911,15.06,223.05402,1480.98909,number of customers,cents per kilowatt-hour,million dollars,million kilowatt hours
2013-04,MA,Massachusetts,OTH,other,,,,,number of customers,cents per kilowatt-hour,million dollars,million kilowatt hours
2013-03,MA,Massachusetts,ALL,all sectors,3119929,14.32,655.29821,4574.55833,number of customers,cents per kilowatt-hour,million dollars,million kilowatt hours
2013-03,MA,Massachusetts,COM,commercial,392482,14.81,211.77453,1430.2385,number of customers,cents per kilowatt-hour,million dollars,million kilowatt hours
2013-03,MA,Massachusetts,IND,industrial,16572,13.18,179.08383,1358.70212,number of customers,cents per kilowatt-hour,million dollars,million kilowatt hours
2013-03,MA,Massachusetts,OTH,other,,,,,number of customers,cents per kilowatt-hour,million dollars,million kilowatt hours
2013-03,MA,Massachusetts,RES,residential,2710873,14.84,260.06861,1752.62266,number of customers,cents per kilowatt-hour,million dollars,million kilowatt hours
2013-03,MA,Massachusetts,TRA,transportation,2,13.25,4.37124,32.99505,number of customers,cents per kilowatt-hour,million dollars,million kilowatt hours
2013-02,MA,Massachusetts,ALL,all sectors,3104621,14.51,663.97426,4577.24029,number of customers,cents per kilowatt-hour,million dollars,million kilowatt hours
2013-02,MA,Massachusetts,COM,commercial,391431,14.86,208.39783,1402.09435,number of customers,cents per kilowatt-hour,million dollars,million kilowatt hours
2013-02,MA,Massachusetts,IND,industrial,16504,13.62,184.2707,1353.15064,number of customers,cents per kilowatt-hour,million dollars,million kilowatt hours
2013-02,MA,Massachusetts,OTH,other,,,,,number of customers,cents per kilowatt-hour,million dollars,million kilowatt hours
2013-02,MA,Massachusetts,RES,residential,2696684,14.93,267.37818,1790.37003,number of customers,cents per kilowatt-hour,million dollars,million kilowatt hours
2013-02,MA,Massachusetts,TRA,transportation,2,12.42,3.92755,31.62527,number of customers,cents per kilowatt-hour,million dollars,million kilowatt hours
2013-01,MA,Massachusetts,ALL,all sectors,3115167,13.6,666.41359,4898.93901,number of customers,cents per kilowatt-hour,million dollars,million kilowatt hours
2013-01,MA,Massachusetts,COM,commercial,392343,13.68,205.37938,1501.30482,number of customers,cents per kilowatt-hour,million dollars,million kilowatt hours
2013-01,MA,Massachusetts,IND,industrial,16602,12.53,174.39015,1392.25612,number of customers,cents per kilowatt-hour,million dollars,million kilowatt hours
2013-01,MA,Massachusetts,OTH,other,,,,,number of customers,cents per kilowatt-hour,million dollars,million kilowatt hours
2013-01,MA,Massachusetts,RES,residential,2706220,14.35,282.86963,1971.01384,number of customers,cents per kilowatt-hour,million dollars,million kilowatt hours
2013-01,MA,Massachusetts,TRA,transportation,2,10.98,3.77443,34.36423,number of customers,cents per kilowatt-hour,million dollars,million kilowatt hours
2012-12,MA,Massachusetts,ALL,all sectors,3113421,14.15,658.36667,4652.77833,number of customers,cents per kilowatt-hour,million dollars,million kilowatt hours
2012-12,MA,Massachusetts,TRA,transportation,2,5.5,1.73882,31.60326,number of customers,cents per kilowatt-hour,million dollars,million kilowatt hours
2012-12,MA,Massachusetts,RES,residential,2702035,15.19,270.48531,1781.13726,number of customers,cents per kilowatt-hour,million dollars,million kilowatt hours
2012-12,MA,Massachusetts,OTH,other,,,,,number of customers,cents per kilowatt-hour,million dollars,million kilowatt hours
2012-12,MA,Massachusetts,IND,industrial,21305,12.24,170.167,1390.25149,number of customers,cents per kilowatt-hour,million dollars,million kilowatt hours
2012-12,MA,Massachusetts,COM,commercial,390079,14.9,215.97554,1449.78632,number of customers,cents per kilowatt-hour,million dollars,million kilowatt hours
2012-11,MA,Massachusetts,ALL,all sectors,3136395,13.05,560.55132,4294.88407,number of customers,cents per kilowatt-hour,million dollars,million kilowatt hours
2012-11,MA,Massachusetts,TRA,transportation,2,5.29,1.53016,28.94878,number of customers,cents per kilowatt-hour,million dollars,million kilowatt hours
2012-11,MA,Massachusetts,RES,residential,2719875,13.77,209.9493,1524.32122,number of customers,cents per kilowatt-hour,million dollars,million kilowatt hours
2012-11,MA,Massachusetts,OTH,other,,,,,number of customers,cents per kilowatt-hour,million dollars,million kilowatt hours
2012-11,MA,Massachusetts,IND,industrial,21314,12.15,166.72564,1372.30772,number of customers,cents per kilowatt-hour,million dollars,million kilowatt hours
2012-11,MA,Massachusetts,COM,commercial,395204,13.32,182.34622,1369.30636,number of customers,cents per kilowatt-hour,million dollars,million kilowatt hours
2012-10,MA,Massachusetts,ALL,all sectors,3089161,13.09,556.46844,4251.08196,number of customers,cents per kilowatt-hour,million dollars,million kilowatt hours
2012-10,MA,Massachusetts,TRA,transportation,2,5.07,1.39389,27.47244,number of customers,cents per kilowatt-hour,million dollars,million kilowatt hours
2012-10,MA,Massachusetts,RES,residential,2683682,14.38,205.09371,1426.57723,number of customers,cents per kilowatt-hour,million dollars,million kilowatt hours
2012-10,MA,Massachusetts,OTH,other,,,,,number of customers,cents per kilowatt-hour,million dollars,million kilowatt hours
2012-10,MA,Massachusetts,IND,industrial,21213,11.95,162.74142,1361.75055,number of customers,cents per kilowatt-hour,million dollars,million kilowatt hours
2012-10,MA,Massachusetts,COM,commercial,384264,13.05,187.23943,1435.28173,number of customers,cents per kilowatt-hour,million dollars,million kilowatt hours
2012-09,MA,Massachusetts,IND,industrial,21242,12.89,192.34559,1491.65622,number of customers,cents per kilowatt-hour,million dollars,million kilowatt hours
2012-09,MA,Massachusetts,COM,commercial,389629,14.12,209.02224,1479.81622,number of customers,cents per kilowatt-hour,million dollars,million kilowatt hours
2012-09,MA,Massachusetts,ALL,all sectors,3110601,14.08,665.905,4730.62456,number of customers,cents per kilowatt-hour,million dollars,million kilowatt hours
2012-09,MA,Massachusetts,TRA,transportation,2,4.93,1.33475,27.06931,number of customers,cents per kilowatt-hour,million dollars,million kilowatt hours
2012-09,MA,Massachusetts,RES,residential,2699728,15.2,263.20243,1732.08281,number of customers,cents per kilowatt-hour,million dollars,million kilowatt hours
2012-09,MA,Massachusetts,OTH,other,,,,,number of customers,cents per kilowatt-hour,million dollars,million kilowatt hours
2012-08,MA,Massachusetts,ALL,all sectors,3108292,13.63,754.63278,5534.93682,number of customers,cents per kilowatt-hour,million dollars,million kilowatt hours
2012-08,MA,Massachusetts,TRA,transportation,2,5.41,1.6102,29.77355,number of customers,cents per kilowatt-hour,million dollars,million kilowatt hours
2012-08,MA,Massachusetts,RES,residential,2697769,14.16,310.1449,2189.96751,number of customers,cents per kilowatt-hour,million dollars,million kilowatt hours
2012-08,MA,Massachusetts,OTH,other,,,,,number of customers,cents per kilowatt-hour,million dollars,million kilowatt hours
2012-08,MA,Massachusetts,IND,industrial,21208,13.1,206.26501,1574.55399,number of customers,cents per kilowatt-hour,million dollars,million kilowatt hours
2012-08,MA,Massachusetts,COM,commercial,389313,13.59,236.61267,1740.64177,number of customers,cents per kilowatt-hour,million dollars,million kilowatt hours
2012-07,MA,Massachusetts,ALL,all sectors,3115357,13.97,753.23821,5393.62327,number of customers,cents per kilowatt-hour,million dollars,million kilowatt hours
2012-07,MA,Massachusetts,TRA,transportation,2,4.95,1.46343,29.5673,number of customers,cents per kilowatt-hour,million dollars,million kilowatt hours
2012-07,MA,Massachusetts,RES,residential,2703695,14.58,312.74384,2144.63098,number of customers,cents per kilowatt-hour,million dollars,million kilowatt hours
2012-07,MA,Massachusetts,OTH,other,,,,,number of customers,cents per kilowatt-hour,million dollars,million kilowatt hours
2012-07,MA,Massachusetts,IND,industrial,21176,13.06,201.97098,1545.92613,number of customers,cents per kilowatt-hour,million dollars,million kilowatt hours
2012-07,MA,Massachusetts,COM,commercial,390484,14.17,237.05997,1673.49887,number of customers,cents per kilowatt-hour,million dollars,million kilowatt hours
2012-06,MA,Massachusetts,ALL,all sectors,3119906,14.42,661.05538,4582.84279,number of customers,cents per kilowatt-hour,million dollars,million kilowatt hours
2012-06,MA,Massachusetts,TRA,transportation,2,4.61,1.27636,27.67733,number of customers,cents per kilowatt-hour,million dollars,million kilowatt hours
2012-06,MA,Massachusetts,RES,residential,2709421,15.48,250.94647,1620.84007,number of customers,cents per kilowatt-hour,million dollars,million kilowatt hours
2012-06,MA,Massachusetts,OTH,other,,,,,number of customers,cents per kilowatt-hour,million dollars,million kilowatt hours
2012-06,MA,Massachusetts,IND,industrial,21040,13.57,192.09982,1415.89087,number of customers,cents per kilowatt-hour,million dollars,million kilowatt hours
2012-06,MA,Massachusetts,COM,commercial,389443,14.27,216.73274,1518.43452,number of customers,cents per kilowatt-hour,million dollars,million kilowatt hours
2012-05,MA,Massachusetts,ALL,all sectors,3107047,13.81,571.75915,4139.92246,number of customers,cents per kilowatt-hour,million dollars,million kilowatt hours
2012-05,MA,Massachusetts,TRA,transportation,2,4.19,1.16337,27.74686,number of customers,cents per kilowatt-hour,million dollars,million kilowatt hours
2012-05,MA,Massachusetts,RES,residential,2696881,15.39,214.72135,1395.0234,number of customers,cents per kilowatt-hour,million dollars,million kilowatt hours
2012-05,MA,Massachusetts,OTH,other,,,,,number of customers,cents per kilowatt-hour,million dollars,million kilowatt hours
2012-05,MA,Massachusetts,IND,industrial,21077,12.47,163.01653,1307.46786,number of customers,cents per kilowatt-hour,million dollars,million kilowatt hours
2012-05,MA,Massachusetts,COM,commercial,389087,13.68,192.85791,1409.68435,number of customers,cents per kilowatt-hour,million dollars,million kilowatt hours
2012-04,MA,Massachusetts,ALL,all sectors,3088131,13.33,548.75215,4115.84944,number of customers,cents per kilowatt-hour,million dollars,million kilowatt hours
2012-04,MA,Massachusetts,TRA,transportation,2,4.28,1.18418,27.64866,number of customers,cents per kilowatt-hour,million dollars,million kilowatt hours
2012-04,MA,Massachusetts,RES,residential,2679806,14.8,202.14675,1366.00544,number of customers,cents per kilowatt-hour,million dollars,million kilowatt hours
2012-04,MA,Massachusetts,OTH,other,,,,,number of customers,cents per kilowatt-hour,million dollars,million kilowatt hours
2012-04,MA,Massachusetts,IND,industrial,21082,12.11,166.68131,1376.52111,number of customers,cents per kilowatt-hour,million dollars,million kilowatt hours
2012-04,MA,Massachusetts,COM,commercial,387241,13.28,178.7399,1345.67423,number of customers,cents per kilowatt-hour,million dollars,million kilowatt hours
2012-03,MA,Massachusetts,RES,residential,2706153,15.72,247.82163,1576.55289,number of customers,cents per kilowatt-hour,million dollars,million kilowatt hours
2012-03,MA,Massachusetts,OTH,other,,,,,number of customers,cents per kilowatt-hour,million dollars,million kilowatt hours
2012-03,MA,Massachusetts,IND,industrial,21073,12.5,172.26647,1378.08992,number of customers,cents per kilowatt-hour,million dollars,million kilowatt hours
2012-03,MA,Massachusetts,COM,commercial,389495,14.05,197.26296,1404.06754,number of customers,cents per kilowatt-hour,million dollars,million kilowatt hours
2012-03,MA,Massachusetts,ALL,all sectors,3116723,14.1,618.6837,4388.85393,number of customers,cents per kilowatt-hour,million dollars,million kilowatt hours
2012-03,MA,Massachusetts,TRA,transportation,2,4.42,1.33264,30.14359,number of customers,cents per kilowatt-hour,million dollars,million kilowatt hours
2012-02,MA,Massachusetts,ALL,all sectors,3111225,13.9,613.26775,4412.65197,number of customers,cents per kilowatt-hour,million dollars,million kilowatt hours
2012-02,MA,Massachusetts,TRA,transportation,2,4.91,1.45758,29.70106,number of customers,cents per kilowatt-hour,million dollars,million kilowatt hours
2012-02,MA,Massachusetts,RES,residential,2701221,15.41,254.24697,1650.13912,number of customers,cents per kilowatt-hour,million dollars,million kilowatt hours
2012-02,MA,Massachusetts,OTH,other,,,,,number of customers,cents per kilowatt-hour,million dollars,million kilowatt hours
2012-02,MA,Massachusetts,IND,industrial,20968,12.22,162.72317,1331.27402,number of customers,cents per kilowatt-hour,million dollars,million kilowatt hours
2012-02,MA,Massachusetts,COM,commercial,389034,13.9,194.84004,1401.53777,number of customers,cents per kilowatt-hour,million dollars,million kilowatt hours
2012-01,MA,Massachusetts,RES,residential,2689419,15.1,287.7889,1906.19107,number of customers,cents per kilowatt-hour,million dollars,million kilowatt hours
2012-01,MA,Massachusetts,OTH,other,,,,,number of customers,cents per kilowatt-hour,million dollars,million kilowatt hours
2012-01,MA,Massachusetts,IND,industrial,21028,12.32,170.1771,1381.51514,number of customers,cents per kilowatt-hour,million dollars,million kilowatt hours
2012-01,MA,Massachusetts,COM,commercial,387993,13.67,204.41635,1495.08133,number of customers,cents per kilowatt-hour,million dollars,million kilowatt hours
2012-01,MA,Massachusetts,ALL,all sectors,3098442,13.79,664.05894,4815.27441,number of customers,cents per kilowatt-hour,million dollars,million kilowatt hours
2012-01,MA,Massachusetts,TRA,transportation,2,5.16,1.67659,32.48687,number of customers,cents per kilowatt-hour,million dollars,million kilowatt hours
2011-12,MA,Massachusetts,ALL,all sectors,3083440,14.31,653.29868,4564.15079,number of customers,cents per kilowatt-hour,million dollars,million kilowatt hours
2011-12,MA,Massachusetts,TRA,transportation,2,5.07,1.55577,30.66355,number of customers,cents per kilowatt-hour,million dollars,million kilowatt hours
2011-12,MA,Massachusetts,RES,residential,2676354,15.2,261.70748,1721.41457,number of customers,cents per kilowatt-hour,million dollars,million kilowatt hours
2011-12,MA,Massachusetts,OTH,other,,,,,number of customers,cents per kilowatt-hour,million dollars,million kilowatt hours
2011-12,MA,Massachusetts,IND,industrial,20787,13.41,178.24832,1328.78142,number of customers,cents per kilowatt-hour,million dollars,million kilowatt hours
2011-12,MA,Massachusetts,COM,commercial,386297,14.28,211.78711,1483.29125,number of customers,cents per kilowatt-hour,million dollars,million kilowatt hours
2011-11,MA,Massachusetts,ALL,all sectors,3228103,13.74,575.10172,4186.30115,number of customers,cents per kilowatt-hour,million dollars,million kilowatt hours
2011-11,MA,Massachusetts,TRA,transportation,2,5.38,1.51453,28.15568,number of customers,cents per kilowatt-hour,million dollars,million kilowatt hours
2011-11,MA,Massachusetts,RES,residential,2782000,14.49,211.19093,1457.97709,number of customers,cents per kilowatt-hour,million dollars,million kilowatt hours
2011-11,MA,Massachusetts,OTH,other,,,,,number of customers,cents per kilowatt-hour,million dollars,million kilowatt hours
2011-11,MA,Massachusetts,IND,industrial,22500,13.03,175.6525,1347.83709,number of customers,cents per kilowatt-hour,million dollars,million kilowatt hours
2011-11,MA,Massachusetts,COM,commercial,423601,13.81,186.74377,1352.33128,number of customers,cents per kilowatt-hour,million dollars,million kilowatt hours
2011-10,MA,Massachusetts,ALL,all sectors,3092223,13.54,585.31529,4322.68796,number of customers,cents per kilowatt-hour,million dollars,million kilowatt hours
2011-10,MA,Massachusetts,TRA,transportation,2,5.66,1.55392,27.43113,number of customers,cents per kilowatt-hour,million dollars,million kilowatt hours
2011-10,MA,Massachusetts,RES,residential,2684345,13.98,201.27764,1439.31529,number of customers,cents per kilowatt-hour,million dollars,million kilowatt hours
2011-10,MA,Massachusetts,OTH,other,,,,,number of customers,cents per kilowatt-hour,million dollars,million kilowatt hours
2011-10,MA,Massachusetts,IND,industrial,20867,12.94,186.12807,1438.63898,number of customers,cents per kilowatt-hour,million dollars,million kilowatt hours
2011-10,MA,Massachusetts,COM,commercial,387009,13.85,196.35566,1417.30256,number of customers,cents per kilowatt-hour,million dollars,million kilowatt hours
2011-09,MA,Massachusetts,ALL,all sectors,3092628,14.93,714.47638,4784.30602,number of customers,cents per kilowatt-hour,million dollars,million kilowatt hours
2011-09,MA,Massachusetts,TRA,transportation,2,5.58,1.5203,27.22645,number of customers,cents per kilowatt-hour,million dollars,million kilowatt hours
2011-09,MA,Massachusetts,RES,residential,2684602,15.58,262.68671,1686.45347,number of customers,cents per kilowatt-hour,million dollars,million kilowatt hours
2011-09,MA,Massachusetts,OTH,other,,,,,number of customers,cents per kilowatt-hour,million dollars,million kilowatt hours
2011-09,MA,Massachusetts,IND,industrial,21090,13.98,218.42587,1562.72826,number of customers,cents per kilowatt-hour,million dollars,million kilowatt hours
2011-09,MA,Massachusetts,COM,commercial,386934,15.38,231.84351,1507.89785,number of customers,cents per kilowatt-hour,million dollars,million kilowatt hours
2011-08,MA,Massachusetts,ALL,all sectors,3094713,14.76,752.09156,5096.56475,number of customers,cents per kilowatt-hour,million dollars,million kilowatt hours
2011-08,MA,Massachusetts,TRA,transportation,2,6.55,1.90323,29.03874,number of customers,cents per kilowatt-hour,million dollars,million kilowatt hours
2011-08,MA,Massachusetts,RES,residential,2687285,15.09,299.05083,1981.66447,number of customers,cents per kilowatt-hour,million dollars,million kilowatt hours
2011-08,MA,Massachusetts,OTH,other,,,,,number of customers,cents per kilowatt-hour,million dollars,million kilowatt hours
2011-08,MA,Massachusetts,IND,industrial,20722,14.14,208.37194,1473.87808,number of customers,cents per kilowatt-hour,million dollars,million kilowatt hours
2011-08,MA,Massachusetts,COM,commercial,386704,15.06,242.76556,1611.98347,number of customers,cents per kilowatt-hour,million dollars,million kilowatt hours
2011-07,MA,Massachusetts,ALL,all sectors,3098981,14,755.40149,5396.81076,number of customers,cents per kilowatt-hour,million dollars,million kilowatt hours
2011-07,MA,Massachusetts,TRA,transportation,2,6.5,1.94681,29.95182,number of customers,cents per kilowatt-hour,million dollars,million kilowatt hours
2011-07,MA,Massachusetts,RES,residential,2690700,14.13,298.74313,2114.67022,number of customers,cents per kilowatt-hour,million dollars,million kilowatt hours
2011-07,MA,Massachusetts,OTH,other,,,,,number of customers,cents per kilowatt-hour,million dollars,million kilowatt hours
2011-07,MA,Massachusetts,IND,industrial,20889,13.6,208.61446,1534.24196,number of customers,cents per kilowatt-hour,million dollars,million kilowatt hours
2011-07,MA,Massachusetts,COM,commercial,387390,14.33,246.0971,1717.94676,number of customers,cents per kilowatt-hour,million dollars,million kilowatt hours
2011-06,MA,Massachusetts,ALL,all sectors,3096200,14.82,682.25039,4603.47469,number of customers,cents per kilowatt-hour,million dollars,million kilowatt hours
2011-06,MA,Massachusetts,TRA,transportation,2,6.25,1.73673,27.79237,number of customers,cents per kilowatt-hour,million dollars,million kilowatt hours
2011-06,MA,Massachusetts,RES,residential,2688383,15.12,244.1962,1615.23905,number of customers,cents per kilowatt-hour,million dollars,million kilowatt hours
2011-06,MA,Massachusetts,OTH,other,,,,,number of customers,cents per kilowatt-hour,million dollars,million kilowatt hours
2011-06,MA,Massachusetts,IND,industrial,21023,14.26,202.62976,1420.97546,number of customers,cents per kilowatt-hour,million dollars,million kilowatt hours
2011-06,MA,Massachusetts,COM,commercial,386792,15.18,233.6877,1539.46782,number of customers,cents per kilowatt-hour,million dollars,million kilowatt hours
2011-05,MA,Massachusetts,ALL,all sectors,3076307,14,570.62102,4075.08608,number of customers,cents per kilowatt-hour,million dollars,million kilowatt hours
2011-05,MA,Massachusetts,TRA,transportation,2,6.24,1.72148,27.57935,number of customers,cents per kilowatt-hour,million dollars,million kilowatt hours
2011-05,MA,Massachusetts,RES,residential,2670670,15,204.35978,1362.59586,number of customers,cents per kilowatt-hour,million dollars,million kilowatt hours
2011-05,MA,Massachusetts,OTH,other,,,,,number of customers,cents per kilowatt-hour,million dollars,million kilowatt hours
2011-05,MA,Massachusetts,IND,industrial,20706,13.15,174.97276,1330.5066,number of customers,cents per kilowatt-hour,million dollars,million kilowatt hours
2011-05,MA,Massachusetts,COM,commercial,384929,14,189.567,1354.40426,number of customers,cents per kilowatt-hour,million dollars,million kilowatt hours
2011-04,MA,Massachusetts,ALL,all sectors,3102678,13.47,583.63322,4333.7346,number of customers,cents per kilowatt-hour,million dollars,million kilowatt hours
2011-04,MA,Massachusetts,TRA,transportation,2,6.3,1.79547,28.49622,number of customers,cents per kilowatt-hour,million dollars,million kilowatt hours
2011-04,MA,Massachusetts,RES,residential,2694151,14.09,217.92703,1546.51136,number of customers,cents per kilowatt-hour,million dollars,million kilowatt hours
2011-04,MA,Massachusetts,OTH,other,,,,,number of customers,cents per kilowatt-hour,million dollars,million kilowatt hours
2011-04,MA,Massachusetts,IND,industrial,20810,12.54,174.56853,1391.92723,number of customers,cents per kilowatt-hour,million dollars,million kilowatt hours
2011-04,MA,Massachusetts,COM,commercial,387715,13.85,189.34219,1366.79979,number of customers,cents per kilowatt-hour,million dollars,million kilowatt hours
2011-03,MA,Massachusetts,ALL,all sectors,3102942,13.81,638.9571,4627.57182,number of customers,cents per kilowatt-hour,million dollars,million kilowatt hours
2011-03,MA,Massachusetts,TRA,transportation,2,6.12,1.94962,31.85426,number of customers,cents per kilowatt-hour,million dollars,million kilowatt hours
2011-03,MA,Massachusetts,RES,residential,2694100,14.55,245.98237,1690.35672,number of customers,cents per kilowatt-hour,million dollars,million kilowatt hours
2011-03,MA,Massachusetts,OTH,other,,,,,number of customers,cents per kilowatt-hour,million dollars,million kilowatt hours
2011-03,MA,Massachusetts,IND,industrial,21077,12.95,187.5509,1448.65397,number of customers,cents per kilowatt-hour,million dollars,million kilowatt hours
2011-03,MA,Massachusetts,COM,commercial,387763,13.97,203.47422,1456.70686,number of customers,cents per kilowatt-hour,million dollars,million kilowatt hours
2011-02,MA,Massachusetts,ALL,all sectors,3097313,13.75,640.18998,4655.80166,number of customers,cents per kilowatt-hour,million dollars,million kilowatt hours
2011-02,MA,Massachusetts,TRA,transportation,2,7.28,2.36575,32.477,number of customers,cents per kilowatt-hour,million dollars,million kilowatt hours
2011-02,MA,Massachusetts,RES,residential,2689231,14.36,265.37921,1847.77291,number of customers,cents per kilowatt-hour,million dollars,million kilowatt hours
2011-02,MA,Massachusetts,OTH,other,,,,,number of customers,cents per kilowatt-hour,million dollars,million kilowatt hours
2011-02,MA,Massachusetts,IND,industrial,20896,12.96,173.6176,1339.38968,number of customers,cents per kilowatt-hour,million dollars,million kilowatt hours
2011-02,MA,Massachusetts,COM,commercial,387184,13.84,198.82741,1436.16206,number of customers,cents per kilowatt-hour,million dollars,million kilowatt hours
2011-01,MA,Massachusetts,ALL,all sectors,3087697,14.04,691.05877,4923.42175,number of customers,cents per kilowatt-hour,million dollars,million kilowatt hours
2011-01,MA,Massachusetts,TRA,transportation,2,6.5,2.38038,36.62444,number of customers,cents per kilowatt-hour,million dollars,million kilowatt hours
2011-01,MA,Massachusetts,RES,residential,2680810,14.48,290.80376,2008.54099,number of customers,cents per kilowatt-hour,million dollars,million kilowatt hours
2011-01,MA,Massachusetts,OTH,other,,,,,number of customers,cents per kilowatt-hour,million dollars,million kilowatt hours
2011-01,MA,Massachusetts,IND,industrial,20872,13.39,181.60154,1355.94826,number of customers,cents per kilowatt-hour,million dollars,million kilowatt hours
2011-01,MA,Massachusetts,COM,commercial,386013,14.21,216.27309,1522.30807,number of customers,cents per kilowatt-hour,million dollars,million kilowatt hours
2010-12,MA,Massachusetts,ALL,all sectors,3061323,14.13,681.27932,4821.65055,number of customers,cents per kilowatt-hour,million dollars,million kilowatt hours
2010-12,MA,Massachusetts,TRA,transportation,2,5.62,1.89136,33.68201,number of customers,cents per kilowatt-hour,million dollars,million kilowatt hours
2010-12,MA,Massachusetts,RES,residential,2666461,14.42,277.10895,1921.46639,number of customers,cents per kilowatt-hour,million dollars,million kilowatt hours
2010-12,MA,Massachusetts,OTH,other,,,,,number of customers,cents per kilowatt-hour,million dollars,million kilowatt hours
2010-12,MA,Massachusetts,IND,industrial,16032,13.59,182.00808,1339.32837,number of customers,cents per kilowatt-hour,million dollars,million kilowatt hours
2010-12,MA,Massachusetts,COM,commercial,378828,14.42,220.27093,1527.17377,number of customers,cents per kilowatt-hour,million dollars,million kilowatt hours
2010-11,MA,Massachusetts,ALL,all sectors,3069359,13.69,598.95482,4373.83356,number of customers,cents per kilowatt-hour,million dollars,million kilowatt hours
2010-11,MA,Massachusetts,TRA,transportation,2,5.01,1.41924,28.30332,number of customers,cents per kilowatt-hour,million dollars,million kilowatt hours
2010-11,MA,Massachusetts,RES,residential,2673592,14.17,215.59898,1521.40117,number of customers,cents per kilowatt-hour,million dollars,million kilowatt hours
2010-11,MA,Massachusetts,OTH,other,,,,,number of customers,cents per kilowatt-hour,million dollars,million kilowatt hours
2010-11,MA,Massachusetts,IND,industrial,16155,13.26,187.81891,1415.98731,number of customers,cents per kilowatt-hour,million dollars,million kilowatt hours
2010-11,MA,Massachusetts,COM,commercial,379610,13.79,194.1177,1408.14176,number of customers,cents per kilowatt-hour,million dollars,million kilowatt hours
2010-10,MA,Massachusetts,ALL,all sectors,3055444,13.94,617.77113,4432.23363,number of customers,cents per kilowatt-hour,million dollars,million kilowatt hours
2010-10,MA,Massachusetts,TRA,transportation,2,5.64,1.55244,27.50462,number of customers,cents per kilowatt-hour,million dollars,million kilowatt hours
2010-10,MA,Massachusetts,RES,residential,2660647,14.55,217.35199,1493.52828,number of customers,cents per kilowatt-hour,million dollars,million kilowatt hours
2010-10,MA,Massachusetts,OTH,other,,,,,number of customers,cents per kilowatt-hour,million dollars,million kilowatt hours
2010-10,MA,Massachusetts,IND,industrial,16172,13.34,194.1102,1454.93464,number of customers,cents per kilowatt-hour,million dollars,million kilowatt hours
2010-10,MA,Massachusetts,COM,commercial,378623,14.06,204.75651,1456.2661,number of customers,cents per kilowatt-hour,million dollars,million kilowatt hours
2010-09,MA,Massachusetts,ALL,all sectors,3079056,14.66,729.953,4980.81741,number of customers,cents per kilowatt-hour,million dollars,million kilowatt hours
2010-09,MA,Massachusetts,TRA,transportation,2,5.79,1.58591,27.38706,number of customers,cents per kilowatt-hour,million dollars,million kilowatt hours
2010-09,MA,Massachusetts,RES,residential,2682300,14.64,269.22493,1839.32787,number of customers,cents per kilowatt-hour,million dollars,million kilowatt hours
2010-09,MA,Massachusetts,OTH,other,,,,,number of customers,cents per kilowatt-hour,million dollars,million kilowatt hours
2010-09,MA,Massachusetts,IND,industrial,16152,14.32,218.0476,1522.7919,number of customers,cents per kilowatt-hour,million dollars,million kilowatt hours
2010-09,MA,Massachusetts,COM,commercial,380602,15.15,241.09457,1591.31058,number of customers,cents per kilowatt-hour,million dollars,million kilowatt hours
2010-08,MA,Massachusetts,ALL,all sectors,3060827,14.85,785.98874,5294.38235,number of customers,cents per kilowatt-hour,million dollars,million kilowatt hours
2010-08,MA,Massachusetts,TRA,transportation,2,6.93,1.98555,28.67203,number of customers,cents per kilowatt-hour,million dollars,million kilowatt hours
2010-08,MA,Massachusetts,RES,residential,2666265,14.88,312.6952,2100.90066,number of customers,cents per kilowatt-hour,million dollars,million kilowatt hours
2010-08,MA,Massachusetts,OTH,other,,,,,number of customers,cents per kilowatt-hour,million dollars,million kilowatt hours
2010-08,MA,Massachusetts,IND,industrial,16179,14.5,217.04169,1496.8254,number of customers,cents per kilowatt-hour,million dollars,million kilowatt hours
2010-08,MA,Massachusetts,COM,commercial,378381,15.24,254.2663,1667.98426,number of customers,cents per kilowatt-hour,million dollars,million kilowatt hours
2010-07,MA,Massachusetts,ALL,all sectors,3097530,14.45,809.28776,5601.90438,number of customers,cents per kilowatt-hour,million dollars,million kilowatt hours
2010-07,MA,Massachusetts,TRA,transportation,2,6.78,1.99776,29.47719,number of customers,cents per kilowatt-hour,million dollars,million kilowatt hours
2010-07,MA,Massachusetts,RES,residential,2702101,14.22,326.35276,2295.78437,number of customers,cents per kilowatt-hour,million dollars,million kilowatt hours
2010-07,MA,Massachusetts,OTH,other,,,,,number of customers,cents per kilowatt-hour,million dollars,million kilowatt hours
2010-07,MA,Massachusetts,IND,industrial,16122,14.39,219.58602,1525.6047,number of customers,cents per kilowatt-hour,million dollars,million kilowatt hours
2010-07,MA,Massachusetts,COM,commercial,379305,14.93,261.35122,1751.03812,number of customers,cents per kilowatt-hour,million dollars,million kilowatt hours
2010-06,MA,Massachusetts,TRA,transportation,2,6.05,1.69486,27.99445,number of customers,cents per kilowatt-hour,million dollars,million kilowatt hours
2010-06,MA,Massachusetts,IND,industrial,16171,14.15,206.7941,1461.92058,number of customers,cents per kilowatt-hour,million dollars,million kilowatt hours
2010-06,MA,Massachusetts,COM,commercial,380338,14.69,237.33946,1615.61836,number of customers,cents per kilowatt-hour,million dollars,million kilowatt hours
2010-06,MA,Massachusetts,ALL,all sectors,3080554,14.26,696.9596,4888.57687,number of customers,cents per kilowatt-hour,million dollars,million kilowatt hours
2010-06,MA,Massachusetts,RES,residential,2684043,14.08,251.13118,1783.04348,number of customers,cents per kilowatt-hour,million dollars,million kilowatt hours
2010-06,MA,Massachusetts,OTH,other,,,,,number of customers,cents per kilowatt-hour,million dollars,million kilowatt hours
2010-05,MA,Massachusetts,ALL,all sectors,3056805,13.87,608.39564,4386.48271,number of customers,cents per kilowatt-hour,million dollars,million kilowatt hours
2010-05,MA,Massachusetts,TRA,transportation,2,5.98,1.64423,27.50821,number of customers,cents per kilowatt-hour,million dollars,million kilowatt hours
2010-05,MA,Massachusetts,RES,residential,2661875,14.48,209.73295,1448.58845,number of customers,cents per kilowatt-hour,million dollars,million kilowatt hours
2010-05,MA,Massachusetts,OTH,other,,,,,number of customers,cents per kilowatt-hour,million dollars,million kilowatt hours
2010-05,MA,Massachusetts,IND,industrial,16151,13.24,191.7674,1447.87303,number of customers,cents per kilowatt-hour,million dollars,million kilowatt hours
2010-05,MA,Massachusetts,COM,commercial,378777,14.03,205.25105,1462.51302,number of customers,cents per kilowatt-hour,million dollars,million kilowatt hours
2010-04,MA,Massachusetts,ALL,all sectors,3067602,14.44,588.19945,4073.51351,number of customers,cents per kilowatt-hour,million dollars,million kilowatt hours
2010-04,MA,Massachusetts,TRA,transportation,2,5.77,1.58308,27.42856,number of customers,cents per kilowatt-hour,million dollars,million kilowatt hours
2010-04,MA,Massachusetts,RES,residential,2671066,15.2,215.76114,1419.47087,number of customers,cents per kilowatt-hour,million dollars,million kilowatt hours
2010-04,MA,Massachusetts,OTH,other,,,,,number of customers,cents per kilowatt-hour,million dollars,million kilowatt hours
2010-04,MA,Massachusetts,IND,industrial,16175,13.53,177.05018,1308.39011,number of customers,cents per kilowatt-hour,million dollars,million kilowatt hours
2010-04,MA,Massachusetts,COM,commercial,380359,14.7,193.80505,1318.22397,number of customers,cents per kilowatt-hour,million dollars,million kilowatt hours
2010-03,MA,Massachusetts,ALL,all sectors,3079095,14.28,651.91162,4563.82058,number of customers,cents per kilowatt-hour,million dollars,million kilowatt hours
2010-03,MA,Massachusetts,TRA,transportation,2,6.77,2.09026,30.88459,number of customers,cents per kilowatt-hour,million dollars,million kilowatt hours
2010-03,MA,Massachusetts,RES,residential,2681875,15.12,253.22201,1675.23228,number of customers,cents per kilowatt-hour,million dollars,million kilowatt hours
2010-03,MA,Massachusetts,OTH,other,,,,,number of customers,cents per kilowatt-hour,million dollars,million kilowatt hours
2010-03,MA,Massachusetts,IND,industrial,16511,13.22,186.94299,1414.11165,number of customers,cents per kilowatt-hour,million dollars,million kilowatt hours
2010-03,MA,Massachusetts,COM,commercial,380707,14.52,209.65636,1443.59205,number of customers,cents per kilowatt-hour,million dollars,million kilowatt hours
2010-02,MA,Massachusetts,IND,industrial,15888,13.45,179.76054,1336.91049,number of customers,cents per kilowatt-hour,million dollars,million kilowatt hours
2010-02,MA,Massachusetts,COM,commercial,380706,14.28,216.41405,1515.16332,number of customers,cents per kilowatt-hour,million dollars,million kilowatt hours
2010-02,MA,Massachusetts,ALL,all sectors,3073075,14.06,672.40677,4782.70384,number of customers,cents per kilowatt-hour,million dollars,million kilowatt hours
2010-02,MA,Massachusetts,TRA,transportation,2,7.9,2.45441,31.08624,number of customers,cents per kilowatt-hour,million dollars,million kilowatt hours
2010-02,MA,Massachusetts,RES,residential,2676479,14.41,273.77777,1899.5438,number of customers,cents per kilowatt-hour,million dollars,million kilowatt hours
2010-02,MA,Massachusetts,OTH,other,,,,,number of customers,cents per kilowatt-hour,million dollars,million kilowatt hours
2010-01,MA,Massachusetts,ALL,all sectors,3066299,14.29,703.78723,4923.5026,number of customers,cents per kilowatt-hour,million dollars,million kilowatt hours
2010-01,MA,Massachusetts,TRA,transportation,2,8.03,2.82032,35.13373,number of customers,cents per kilowatt-hour,million dollars,million kilowatt hours
2010-01,MA,Massachusetts,RES,residential,2669895,15.05,302.57046,2010.71739,number of customers,cents per kilowatt-hour,million dollars,million kilowatt hours
2010-01,MA,Massachusetts,OTH,other,,,,,number of customers,cents per kilowatt-hour,million dollars,million kilowatt hours
2010-01,MA,Massachusetts,IND,industrial,16215,13.34,185.67223,1391.47879,number of customers,cents per kilowatt-hour,million dollars,million kilowatt hours
2010-01,MA,Massachusetts,COM,commercial,380187,14.31,212.72422,1486.1727,number of customers,cents per kilowatt-hour,million dollars,million kilowatt hours
2009-12,MA,Massachusetts,ALL,all sectors,3065348,14.21,664.02103,4671.31774,number of customers,cents per kilowatt-hour,million dollars,million kilowatt hours
2009-12,MA,Massachusetts,TRA,transportation,1,6.12,2.0608,33.68611,number of customers,cents per kilowatt-hour,million dollars,million kilowatt hours
2009-12,MA,Massachusetts,RES,residential,2671131,14.67,259.65731,1769.46623,number of customers,cents per kilowatt-hour,million dollars,million kilowatt hours
2009-12,MA,Massachusetts,OTH,other,,,,,number of customers,cents per kilowatt-hour,million dollars,million kilowatt hours
2009-12,MA,Massachusetts,IND,industrial,16236,13.55,186.83624,1378.72244,number of customers,cents per kilowatt-hour,million dollars,million kilowatt hours
2009-12,MA,Massachusetts,COM,commercial,377980,14.47,215.46668,1489.44296,number of customers,cents per kilowatt-hour,million dollars,million kilowatt hours
2009-11,MA,Massachusetts,ALL,all sectors,3043033,14.6,618.27614,4234.32556,number of customers,cents per kilowatt-hour,million dollars,million kilowatt hours
2009-11,MA,Massachusetts,TRA,transportation,1,6.12,1.63683,26.7535,number of customers,cents per kilowatt-hour,million dollars,million kilowatt hours
2009-11,MA,Massachusetts,RES,residential,2651810,15.85,228.65972,1442.34709,number of customers,cents per kilowatt-hour,million dollars,million kilowatt hours
2009-11,MA,Massachusetts,OTH,other,,,,,number of customers,cents per kilowatt-hour,million dollars,million kilowatt hours
2009-11,MA,Massachusetts,IND,industrial,16064,13.61,190.91538,1402.86206,number of customers,cents per kilowatt-hour,million dollars,million kilowatt hours
2009-11,MA,Massachusetts,COM,commercial,375158,14.46,197.06421,1362.36292,number of customers,cents per kilowatt-hour,million dollars,million kilowatt hours
2009-10,MA,Massachusetts,ALL,all sectors,3081338,15,657.11348,4379.69807,number of customers,cents per kilowatt-hour,million dollars,million kilowatt hours
2009-10,MA,Massachusetts,TRA,transportation,1,5.7,1.54132,27.05648,number of customers,cents per kilowatt-hour,million dollars,million kilowatt hours
2009-10,MA,Massachusetts,RES,residential,2684326,16.11,232.81373,1445.34576,number of customers,cents per kilowatt-hour,million dollars,million kilowatt hours
2009-10,MA,Massachusetts,OTH,other,,,,,number of customers,cents per kilowatt-hour,million dollars,million kilowatt hours
2009-10,MA,Massachusetts,IND,industrial,16176,13.91,199.38653,1433.42138,number of customers,cents per kilowatt-hour,million dollars,million kilowatt hours
2009-10,MA,Massachusetts,COM,commercial,380835,15.16,223.37191,1473.87446,number of customers,cents per kilowatt-hour,million dollars,million kilowatt hours
2009-09,MA,Massachusetts,ALL,all sectors,3049587,15.79,700.95457,4439.50554,number of customers,cents per kilowatt-hour,million dollars,million kilowatt hours
2009-09,MA,Massachusetts,TRA,transportation,1,5.34,1.39794,26.17553,number of customers,cents per kilowatt-hour,million dollars,million kilowatt hours
2009-09,MA,Massachusetts,RES,residential,2660034,17.28,268.2928,1552.32323,number of customers,cents per kilowatt-hour,million dollars,million kilowatt hours
2009-09,MA,Massachusetts,OTH,other,,,,,number of customers,cents per kilowatt-hour,million dollars,million kilowatt hours
2009-09,MA,Massachusetts,IND,industrial,16084,14.49,206.99399,1428.48869,number of customers,cents per kilowatt-hour,million dollars,million kilowatt hours
2009-09,MA,Massachusetts,COM,commercial,373468,15.66,224.26984,1432.5181,number of customers,cents per kilowatt-hour,million dollars,million kilowatt hours
2009-08,MA,Massachusetts,ALL,all sectors,3050499,15.29,816.54303,5339.97995,number of customers,cents per kilowatt-hour,million dollars,million kilowatt hours
2009-08,MA,Massachusetts,RES,residential,2659462,15.92,327.45858,2056.93899,number of customers,cents per kilowatt-hour,million dollars,million kilowatt hours
2009-08,MA,Massachusetts,IND,industrial,16143,14.67,220.6006,1504.1813,number of customers,cents per kilowatt-hour,million dollars,million kilowatt hours
2009-08,MA,Massachusetts,COM,commercial,374893,15.25,266.76217,1749.63431,number of customers,cents per kilowatt-hour,million dollars,million kilowatt hours
2009-08,MA,Massachusetts,TRA,transportation,1,5.89,1.72167,29.22536,number of customers,cents per kilowatt-hour,million dollars,million kilowatt hours
2009-08,MA,Massachusetts,OTH,other,,,,,number of customers,cents per kilowatt-hour,million dollars,million kilowatt hours
2009-07,MA,Massachusetts,ALL,all sectors,3053593,15.35,703.57899,4583.5907,number of customers,cents per kilowatt-hour,million dollars,million kilowatt hours
2009-07,MA,Massachusetts,TRA,transportation,1,6.25,1.80443,28.89038,number of customers,cents per kilowatt-hour,million dollars,million kilowatt hours
2009-07,MA,Massachusetts,RES,residential,2662948,16.48,267.76236,1624.93231,number of customers,cents per kilowatt-hour,million dollars,million kilowatt hours
2009-07,MA,Massachusetts,OTH,other,,,,,number of customers,cents per kilowatt-hour,million dollars,million kilowatt hours
2009-07,MA,Massachusetts,IND,industrial,16196,14.37,196.24889,1365.4678,number of customers,cents per kilowatt-hour,million dollars,million kilowatt hours
2009-07,MA,Massachusetts,COM,commercial,374448,15.2,237.76332,1564.30021,number of customers,cents per kilowatt-hour,million dollars,million kilowatt hours
2009-06,MA,Massachusetts,COM,commercial,374274,15.68,218.49274,1393.68613,number of customers,cents per kilowatt-hour,million dollars,million kilowatt hours
2009-06,MA,Massachusetts,RES,residential,2655341,17.62,244.11983,1385.14481,number of customers,cents per kilowatt-hour,million dollars,million kilowatt hours
2009-06,MA,Massachusetts,IND,industrial,16151,14.41,189.39328,1314.67016,number of customers,cents per kilowatt-hour,million dollars,million kilowatt hours
2009-06,MA,Massachusetts,ALL,all sectors,3045767,15.86,653.49215,4120.29959,number of customers,cents per kilowatt-hour,million dollars,million kilowatt hours
2009-06,MA,Massachusetts,TRA,transportation,1,5.55,1.4863,26.79849,number of customers,cents per kilowatt-hour,million dollars,million kilowatt hours
2009-06,MA,Massachusetts,OTH,other,,,,,number of customers,cents per kilowatt-hour,million dollars,million kilowatt hours
2009-05,MA,Massachusetts,ALL,all sectors,3045070,15.42,642.14964,4163.28609,number of customers,cents per kilowatt-hour,million dollars,million kilowatt hours
2009-05,MA,Massachusetts,RES,residential,2654562,17.69,232.88403,1316.63218,number of customers,cents per kilowatt-hour,million dollars,million kilowatt hours
2009-05,MA,Massachusetts,IND,industrial,16224,13.8,191.96691,1391.56871,number of customers,cents per kilowatt-hour,million dollars,million kilowatt hours
2009-05,MA,Massachusetts,COM,commercial,374283,15.12,215.82324,1427.75874,number of customers,cents per kilowatt-hour,million dollars,million kilowatt hours
2009-05,MA,Massachusetts,TRA,transportation,1,5.4,1.47547,27.32646,number of customers,cents per kilowatt-hour,million dollars,million kilowatt hours
2009-05,MA,Massachusetts,OTH,other,,,,,number of customers,cents per kilowatt-hour,million dollars,million kilowatt hours
2009-04,MA,Massachusetts,ALL,all sectors,3061328,15.56,647.39769,4161.33346,number of customers,cents per kilowatt-hour,million dollars,million kilowatt hours
2009-04,MA,Massachusetts,TRA,transportation,1,5.69,1.59652,28.05442,number of customers,cents per kilowatt-hour,million dollars,million kilowatt hours
2009-04,MA,Massachusetts,RES,residential,2669742,17.53,257.87061,1470.7044,number of customers,cents per kilowatt-hour,million dollars,million kilowatt hours
2009-04,MA,Massachusetts,OTH,other,,,,,number of customers,cents per kilowatt-hour,million dollars,million kilowatt hours
2009-04,MA,Massachusetts,IND,industrial,16146,13.67,178.95414,1309.09568,number of customers,cents per kilowatt-hour,million dollars,million kilowatt hours
2009-04,MA,Massachusetts,COM,commercial,375439,15.44,208.97643,1353.47895,number of customers,cents per kilowatt-hour,million dollars,million kilowatt hours
2009-03,MA,Massachusetts,OTH,other,,,,,number of customers,cents per kilowatt-hour,million dollars,million kilowatt hours
2009-03,MA,Massachusetts,IND,industrial,16291,14.37,199.05839,1385.54038,number of customers,cents per kilowatt-hour,million dollars,million kilowatt hours
2009-03,MA,Massachusetts,COM,commercial,377084,15.48,225.53233,1457.20468,number of customers,cents per kilowatt-hour,million dollars,million kilowatt hours
2009-03,MA,Massachusetts,ALL,all sectors,3057800,15.74,708.59515,4503.12661,number of customers,cents per kilowatt-hour,million dollars,million kilowatt hours
2009-03,MA,Massachusetts,TRA,transportation,1,6.37,2.10394,33.01314,number of customers,cents per kilowatt-hour,million dollars,million kilowatt hours
2009-03,MA,Massachusetts,RES,residential,2664424,17.32,281.90049,1627.36841,number of customers,cents per kilowatt-hour,million dollars,million kilowatt hours
2009-02,MA,Massachusetts,ALL,all sectors,3056897,16.12,746.89722,4634.77658,number of customers,cents per kilowatt-hour,million dollars,million kilowatt hours
2009-02,MA,Massachusetts,TRA,transportation,1,7.07,2.21452,31.30424,number of customers,cents per kilowatt-hour,million dollars,million kilowatt hours
2009-02,MA,Massachusetts,RES,residential,2666102,18,321.54381,1786.46239,number of customers,cents per kilowatt-hour,million dollars,million kilowatt hours
2009-02,MA,Massachusetts,OTH,other,,,,,number of customers,cents per kilowatt-hour,million dollars,million kilowatt hours
2009-02,MA,Massachusetts,IND,industrial,16119,14.12,190.9962,1352.77396,number of customers,cents per kilowatt-hour,million dollars,million kilowatt hours
2009-02,MA,Massachusetts,COM,commercial,374675,15.85,232.1427,1464.23599,number of customers,cents per kilowatt-hour,million dollars,million kilowatt hours
2009-01,MA,Massachusetts,ALL,all sectors,3033694,16.34,837.66631,5127.95811,number of customers,cents per kilowatt-hour,million dollars,million kilowatt hours
2009-01,MA,Massachusetts,TRA,transportation,1,8.11,3.01963,37.22691,number of customers,cents per kilowatt-hour,million dollars,million kilowatt hours
2009-01,MA,Massachusetts,RES,residential,2643927,18.19,363.2123,1996.98122,number of customers,cents per kilowatt-hour,million dollars,million kilowatt hours
2009-01,MA,Massachusetts,OTH,other,,,,,number of customers,cents per kilowatt-hour,million dollars,million kilowatt hours
2009-01,MA,Massachusetts,IND,industrial,16234,13.85,205.93996,1487.47343,number of customers,cents per kilowatt-hour,million dollars,million kilowatt hours
2009-01,MA,Massachusetts,COM,commercial,373532,16.53,265.49442,1606.27656,number of customers,cents per kilowatt-hour,million dollars,million kilowatt hours
2008-12,MA,Massachusetts,ALL,all sectors,3046204,16.59,765.18414,4613.13376,number of customers,cents per kilowatt-hour,million dollars,million kilowatt hours
2008-12,MA,Massachusetts,TRA,transportation,1,7.9,2.4491,31.00328,number of customers,cents per kilowatt-hour,million dollars,million kilowatt hours
2008-12,MA,Massachusetts,RES,residential,2649804,18.37,328.83808,1790.11023,number of customers,cents per kilowatt-hour,million dollars,million kilowatt hours
2008-12,MA,Massachusetts,OTH,other,,,,,number of customers,cents per kilowatt-hour,million dollars,million kilowatt hours
2008-12,MA,Massachusetts,IND,industrial,13940,14.05,104.88628,746.76524,number of customers,cents per kilowatt-hour,million dollars,million kilowatt hours
2008-12,MA,Massachusetts,COM,commercial,382459,16.09,329.01068,2045.25501,number of customers,cents per kilowatt-hour,million dollars,million kilowatt hours
2008-11,MA,Massachusetts,COM,commercial,380884,15.51,321.34045,2072.23437,number of customers,cents per kilowatt-hour,million dollars,million kilowatt hours
2008-11,MA,Massachusetts,RES,residential,2652469,17.87,272.23535,1523.50926,number of customers,cents per kilowatt-hour,million dollars,million kilowatt hours
2008-11,MA,Massachusetts,IND,industrial,14045,14.52,105.25474,724.97636,number of customers,cents per kilowatt-hour,million dollars,million kilowatt hours
2008-11,MA,Massachusetts,ALL,all sectors,3047399,16.12,700.85351,4346.6965,number of customers,cents per kilowatt-hour,million dollars,million kilowatt hours
2008-11,MA,Massachusetts,TRA,transportation,1,7.79,2.02298,25.97652,number of customers,cents per kilowatt-hour,million dollars,million kilowatt hours
2008-11,MA,Massachusetts,OTH,other,,,,,number of customers,cents per kilowatt-hour,million dollars,million kilowatt hours
2008-10,MA,Massachusetts,ALL,all sectors,3054283,16.96,721.3068,4252.16029,number of customers,cents per kilowatt-hour,million dollars,million kilowatt hours
2008-10,MA,Massachusetts,TRA,transportation,1,8.56,2.18721,25.53808,number of customers,cents per kilowatt-hour,million dollars,million kilowatt hours
2008-10,MA,Massachusetts,RES,residential,2657827,19.7,255.39587,1296.63881,number of customers,cents per kilowatt-hour,million dollars,million kilowatt hours
2008-10,MA,Massachusetts,OTH,other,,,,,number of customers,cents per kilowatt-hour,million dollars,million kilowatt hours
2008-10,MA,Massachusetts,IND,industrial,14098,14.35,118.42231,825.46792,number of customers,cents per kilowatt-hour,million dollars,million kilowatt hours
2008-10,MA,Massachusetts,COM,commercial,382357,16.41,345.30141,2104.51548,number of customers,cents per kilowatt-hour,million dollars,million kilowatt hours
2008-09,MA,Massachusetts,ALL,all sectors,3042131,16.31,779.34034,4779.65565,number of customers,cents per kilowatt-hour,million dollars,million kilowatt hours
2008-09,MA,Massachusetts,TRA,transportation,1,9.67,2.44477,25.28794,number of customers,cents per kilowatt-hour,million dollars,million kilowatt hours
2008-09,MA,Massachusetts,RES,residential,2645764,17.95,283.797,1581.23342,number of customers,cents per kilowatt-hour,million dollars,million kilowatt hours
2008-09,MA,Massachusetts,OTH,other,,,,,number of customers,cents per kilowatt-hour,million dollars,million kilowatt hours
2008-09,MA,Massachusetts,IND,industrial,13742,14.55,112.32639,772.0743,number of customers,cents per kilowatt-hour,million dollars,million kilowatt hours
2008-09,MA,Massachusetts,COM,commercial,382624,15.86,380.77217,2401.05998,number of customers,cents per kilowatt-hour,million dollars,million kilowatt hours
2008-08,MA,Massachusetts,ALL,all sectors,3046497,17.14,859.0358,5012.33464,number of customers,cents per kilowatt-hour,million dollars,million kilowatt hours
2008-08,MA,Massachusetts,COM,commercial,379798,17.19,412.61187,2400.24352,number of customers,cents per kilowatt-hour,million dollars,million kilowatt hours
2008-08,MA,Massachusetts,IND,industrial,14079,14.99,117.13043,781.34903,number of customers,cents per kilowatt-hour,million dollars,million kilowatt hours
2008-08,MA,Massachusetts,OTH,other,,,,,number of customers,cents per kilowatt-hour,million dollars,million kilowatt hours
2008-08,MA,Massachusetts,RES,residential,2652619,18.08,326.25355,1804.41298,number of customers,cents per kilowatt-hour,million dollars,million kilowatt hours
2008-08,MA,Massachusetts,TRA,transportation,1,11.55,3.03995,26.32911,number of customers,cents per kilowatt-hour,million dollars,million kilowatt hours
2008-07,MA,Massachusetts,ALL,all sectors,3041527,17.08,915.6968,5360.18317,number of customers,cents per kilowatt-hour,million dollars,million kilowatt hours
2008-07,MA,Massachusetts,TRA,transportation,1,15.14,4.12649,27.25305,number of customers,cents per kilowatt-hour,million dollars,million kilowatt hours
2008-07,MA,Massachusetts,RES,residential,2647592,17.62,355.76566,2019.23708,number of customers,cents per kilowatt-hour,million dollars,million kilowatt hours
2008-07,MA,Massachusetts,OTH,other,,,,,number of customers,cents per kilowatt-hour,million dollars,million kilowatt hours
2008-07,MA,Massachusetts,IND,industrial,14104,15.05,120.0542,797.89675,number of customers,cents per kilowatt-hour,million dollars,million kilowatt hours
2008-07,MA,Massachusetts,COM,commercial,379830,17.32,435.75046,2515.79629,number of customers,cents per kilowatt-hour,million dollars,million kilowatt hours
2008-06,MA,Massachusetts,ALL,all sectors,3062846,16.73,761.93833,4553.65864,number of customers,cents per kilowatt-hour,million dollars,million kilowatt hours
2008-06,MA,Massachusetts,TRA,transportation,1,12.53,3.22033,25.70146,number of customers,cents per kilowatt-hour,million dollars,million kilowatt hours
2008-06,MA,Massachusetts,RES,residential,2667354,17.33,268.3672,1548.39963,number of customers,cents per kilowatt-hour,million dollars,million kilowatt hours
2008-06,MA,Massachusetts,OTH,other,,,,,number of customers,cents per kilowatt-hour,million dollars,million kilowatt hours
2008-06,MA,Massachusetts,IND,industrial,14121,14.75,110.97889,752.35641,number of customers,cents per kilowatt-hour,million dollars,million kilowatt hours
2008-06,MA,Massachusetts,COM,commercial,381370,17.03,379.37191,2227.20115,number of customers,cents per kilowatt-hour,million dollars,million kilowatt hours
2008-05,MA,Massachusetts,IND,industrial,14159,14.34,119.76041,834.9322,number of customers,cents per kilowatt-hour,million dollars,million kilowatt hours
2008-05,MA,Massachusetts,RES,residential,2640081,17.75,234.23452,1319.46524,number of customers,cents per kilowatt-hour,million dollars,million kilowatt hours
2008-05,MA,Massachusetts,COM,commercial,378564,16.54,346.62201,2095.88237,number of customers,cents per kilowatt-hour,million dollars,million kilowatt hours
2008-05,MA,Massachusetts,ALL,all sectors,3032805,16.45,703.45424,4275.65175,number of customers,cents per kilowatt-hour,million dollars,million kilowatt hours
2008-05,MA,Massachusetts,TRA,transportation,1,11.18,2.83729,25.37194,number of customers,cents per kilowatt-hour,million dollars,million kilowatt hours
2008-05,MA,Massachusetts,OTH,other,,,,,number of customers,cents per kilowatt-hour,million dollars,million kilowatt hours
2008-04,MA,Massachusetts,IND,industrial,14090,13.43,111.02528,826.57867,number of customers,cents per kilowatt-hour,million dollars,million kilowatt hours
2008-04,MA,Massachusetts,RES,residential,2640737,16.39,232.41877,1418.01383,number of customers,cents per kilowatt-hour,million dollars,million kilowatt hours
2008-04,MA,Massachusetts,COM,commercial,377056,15.02,316.82063,2108.87809,number of customers,cents per kilowatt-hour,million dollars,million kilowatt hours
2008-04,MA,Massachusetts,ALL,all sectors,3031884,15.14,662.92469,4379.79417,number of customers,cents per kilowatt-hour,million dollars,million kilowatt hours
2008-04,MA,Massachusetts,TRA,transportation,1,10.11,2.66002,26.32357,number of customers,cents per kilowatt-hour,million dollars,million kilowatt hours
2008-04,MA,Massachusetts,OTH,other,,,,,number of customers,cents per kilowatt-hour,million dollars,million kilowatt hours
2008-03,MA,Massachusetts,ALL,all sectors,3053087,15.64,717.06518,4584.60772,number of customers,cents per kilowatt-hour,million dollars,million kilowatt hours
2008-03,MA,Massachusetts,COM,commercial,379117,15.53,327.72699,2110.91689,number of customers,cents per kilowatt-hour,million dollars,million kilowatt hours
2008-03,MA,Massachusetts,IND,industrial,14174,13.53,98.05242,724.72742,number of customers,cents per kilowatt-hour,million dollars,million kilowatt hours
2008-03,MA,Massachusetts,OTH,other,,,,,number of customers,cents per kilowatt-hour,million dollars,million kilowatt hours
2008-03,MA,Massachusetts,RES,residential,2659795,16.79,288.50327,1718.59978,number of customers,cents per kilowatt-hour,million dollars,million kilowatt hours
2008-03,MA,Massachusetts,TRA,transportation,1,9.16,2.7825,30.36362,number of customers,cents per kilowatt-hour,million dollars,million kilowatt hours
2008-02,MA,Massachusetts,ALL,all sectors,3037720,15.09,720.14996,4770.90259,number of customers,cents per kilowatt-hour,million dollars,million kilowatt hours
2008-02,MA,Massachusetts,TRA,transportation,1,9.58,2.94582,30.75037,number of customers,cents per kilowatt-hour,million dollars,million kilowatt hours
2008-02,MA,Massachusetts,RES,residential,2644943,16.49,287.42095,1742.84244,number of customers,cents per kilowatt-hour,million dollars,million kilowatt hours
2008-02,MA,Massachusetts,OTH,other,,,,,number of customers,cents per kilowatt-hour,million dollars,million kilowatt hours
2008-02,MA,Massachusetts,IND,industrial,14087,12.89,100.8814,782.52853,number of customers,cents per kilowatt-hour,million dollars,million kilowatt hours
2008-02,MA,Massachusetts,COM,commercial,378689,14.85,328.9018,2214.78126,number of customers,cents per kilowatt-hour,million dollars,million kilowatt hours
2008-01,MA,Massachusetts,COM,commercial,377105,15.18,347.00931,2285.56258,number of customers,cents per kilowatt-hour,million dollars,million kilowatt hours
2008-01,MA,Massachusetts,ALL,all sectors,3002631,15.45,765.50382,4955.32613,number of customers,cents per kilowatt-hour,million dollars,million kilowatt hours
2008-01,MA,Massachusetts,TRA,transportation,1,8.33,2.6536,31.84507,number of customers,cents per kilowatt-hour,million dollars,million kilowatt hours
2008-01,MA,Massachusetts,RES,residential,2611383,16.81,315.43624,1876.02831,number of customers,cents per kilowatt-hour,million dollars,million kilowatt hours
2008-01,MA,Massachusetts,OTH,other,,,,,number of customers,cents per kilowatt-hour,million dollars,million kilowatt hours
2008-01,MA,Massachusetts,IND,industrial,14142,13.18,100.40468,761.89017,number of customers,cents per kilowatt-hour,million dollars,million kilowatt hours
2007-12,MA,Massachusetts,ALL,all sectors,,14.49,725.66328,5008.71596,number of customers,cents per kilowatt-hour,million dollars,million kilowatt hours
2007-12,MA,Massachusetts,TRA,transportation,,8.04,3.18452,39.5913,number of customers,cents per kilowatt-hour,million dollars,million kilowatt hours
2007-12,MA,Massachusetts,RES,residential,,15.24,290.42868,1906.14248,number of customers,cents per kilowatt-hour,million dollars,million kilowatt hours
2007-12,MA,Massachusetts,OTH,other,,,,,number of customers,cents per kilowatt-hour,million dollars,million kilowatt hours
2007-12,MA,Massachusetts,IND,industrial,,12.31,98.92238,803.49719,number of customers,cents per kilowatt-hour,million dollars,million kilowatt hours
2007-12,MA,Massachusetts,COM,commercial,,14.74,333.12771,2259.48498,number of customers,cents per kilowatt-hour,million dollars,million kilowatt hours
2007-11,MA,Massachusetts,ALL,all sectors,,14.62,641.10704,4385.58031,number of customers,cents per kilowatt-hour,million dollars,million kilowatt hours
2007-11,MA,Massachusetts,TRA,transportation,,8.21,2.63,32.02451,number of customers,cents per kilowatt-hour,million dollars,million kilowatt hours
2007-11,MA,Massachusetts,RES,residential,,15.57,235.48543,1512.89102,number of customers,cents per kilowatt-hour,million dollars,million kilowatt hours
2007-11,MA,Massachusetts,OTH,other,,,,,number of customers,cents per kilowatt-hour,million dollars,million kilowatt hours
2007-11,MA,Massachusetts,IND,industrial,,13.03,99.01019,759.73511,number of customers,cents per kilowatt-hour,million dollars,million kilowatt hours
2007-11,MA,Massachusetts,COM,commercial,,14.61,303.98141,2080.92968,number of customers,cents per kilowatt-hour,million dollars,million kilowatt hours
2007-10,MA,Massachusetts,ALL,all sectors,,14.88,686.95637,4616.24585,number of customers,cents per kilowatt-hour,million dollars,million kilowatt hours
2007-10,MA,Massachusetts,TRA,transportation,,8.42,2.67753,31.80788,number of customers,cents per kilowatt-hour,million dollars,million kilowatt hours
2007-10,MA,Massachusetts,RES,residential,,15.91,236.4613,1485.7926,number of customers,cents per kilowatt-hour,million dollars,million kilowatt hours
2007-10,MA,Massachusetts,OTH,other,,,,,number of customers,cents per kilowatt-hour,million dollars,million kilowatt hours
2007-10,MA,Massachusetts,IND,industrial,,13.34,108.64335,814.42776,number of customers,cents per kilowatt-hour,million dollars,million kilowatt hours
2007-10,MA,Massachusetts,COM,commercial,,14.85,339.17419,2284.2176,number of customers,cents per kilowatt-hour,million dollars,million kilowatt hours
2007-09,MA,Massachusetts,ALL,all sectors,,15.45,732.05745,4737.14227,number of customers,cents per kilowatt-hour,million dollars,million kilowatt hours
2007-09,MA,Massachusetts,TRA,transportation,,8.99,2.73562,30.43168,number of customers,cents per kilowatt-hour,million dollars,million kilowatt hours
2007-09,MA,Massachusetts,RES,residential,,16.15,261.48235,1618.91661,number of customers,cents per kilowatt-hour,million dollars,million kilowatt hours
2007-09,MA,Massachusetts,OTH,other,,,,,number of customers,cents per kilowatt-hour,million dollars,million kilowatt hours
2007-09,MA,Massachusetts,IND,industrial,,12.38,99.05545,800.36924,number of customers,cents per kilowatt-hour,million dollars,million kilowatt hours
2007-09,MA,Massachusetts,COM,commercial,,16.12,368.78402,2287.42474,number of customers,cents per kilowatt-hour,million dollars,million kilowatt hours
2007-08,MA,Massachusetts,ALL,all sectors,,15.32,837.48706,5465.42759,number of customers,cents per kilowatt-hour,million dollars,million kilowatt hours
2007-08,MA,Massachusetts,TRA,transportation,,11.15,3.58588,32.16352,number of customers,cents per kilowatt-hour,million dollars,million kilowatt hours
2007-08,MA,Massachusetts,RES,residential,,15.78,319.6378,2025.41937,number of customers,cents per kilowatt-hour,million dollars,million kilowatt hours
2007-08,MA,Massachusetts,OTH,other,,,,,number of customers,cents per kilowatt-hour,million dollars,million kilowatt hours
2007-08,MA,Massachusetts,IND,industrial,,14.28,117.23054,820.70786,number of customers,cents per kilowatt-hour,million dollars,million kilowatt hours
2007-08,MA,Massachusetts,COM,commercial,,15.35,397.03283,2587.13684,number of customers,cents per kilowatt-hour,million dollars,million kilowatt hours
2007-07,MA,Massachusetts,ALL,all sectors,,15.15,787.82806,5201.07861,number of customers,cents per kilowatt-hour,million dollars,million kilowatt hours
2007-07,MA,Massachusetts,COM,commercial,,15.6,387.28434,2482.65085,number of customers,cents per kilowatt-hour,million dollars,million kilowatt hours
2007-07,MA,Massachusetts,IND,industrial,,12.85,101.8469,792.28098,number of customers,cents per kilowatt-hour,million dollars,million kilowatt hours
2007-07,MA,Massachusetts,OTH,other,,,,,number of customers,cents per kilowatt-hour,million dollars,million kilowatt hours
2007-07,MA,Massachusetts,RES,residential,,15.58,295.13734,1894.14776,number of customers,cents per kilowatt-hour,million dollars,million kilowatt hours
2007-07,MA,Massachusetts,TRA,transportation,,11.12,3.55948,31.99902,number of customers,cents per kilowatt-hour,million dollars,million kilowatt hours
2007-06,MA,Massachusetts,ALL,all sectors,,15.41,731.58701,4747.64259,number of customers,cents per kilowatt-hour,million dollars,million kilowatt hours
2007-06,MA,Massachusetts,TRA,transportation,,9.58,3.00848,31.40012,number of customers,cents per kilowatt-hour,million dollars,million kilowatt hours
2007-06,MA,Massachusetts,RES,residential,,16.68,265.44417,1591.61299,number of customers,cents per kilowatt-hour,million dollars,million kilowatt hours
2007-06,MA,Massachusetts,OTH,other,,,,,number of customers,cents per kilowatt-hour,million dollars,million kilowatt hours
2007-06,MA,Massachusetts,IND,industrial,,13.35,107.38225,804.29399,number of customers,cents per kilowatt-hour,million dollars,million kilowatt hours
2007-06,MA,Massachusetts,COM,commercial,,15.33,355.75211,2320.33549,number of customers,cents per kilowatt-hour,million dollars,million kilowatt hours
2007-05,MA,Massachusetts,ALL,all sectors,,14.32,634.30357,4428.46488,number of customers,cents per kilowatt-hour,million dollars,million kilowatt hours
2007-05,MA,Massachusetts,TRA,transportation,,8.5,2.73386,32.1612,number of customers,cents per kilowatt-hour,million dollars,million kilowatt hours
2007-05,MA,Massachusetts,RES,residential,,15.66,220.40553,1407.41205,number of customers,cents per kilowatt-hour,million dollars,million kilowatt hours
2007-05,MA,Massachusetts,OTH,other,,,,,number of customers,cents per kilowatt-hour,million dollars,million kilowatt hours
2007-05,MA,Massachusetts,IND,industrial,,12.47,99.49277,797.85463,number of customers,cents per kilowatt-hour,million dollars,million kilowatt hours
2007-05,MA,Massachusetts,COM,commercial,,14.22,311.6714,2191.03699,number of customers,cents per kilowatt-hour,million dollars,million kilowatt hours
2007-04,MA,Massachusetts,ALL,all sectors,,15.04,638.31618,4244.98724,number of customers,cents per kilowatt-hour,million dollars,million kilowatt hours
2007-04,MA,Massachusetts,TRA,transportation,,8.59,2.8078,32.69755,number of customers,cents per kilowatt-hour,million dollars,million kilowatt hours
2007-04,MA,Massachusetts,RES,residential,,16.62,236.45218,1422.31092,number of customers,cents per kilowatt-hour,million dollars,million kilowatt hours
2007-04,MA,Massachusetts,OTH,other,,,,,number of customers,cents per kilowatt-hour,million dollars,million kilowatt hours
2007-04,MA,Massachusetts,IND,industrial,,12.63,95.49502,756.08768,number of customers,cents per kilowatt-hour,million dollars,million kilowatt hours
2007-04,MA,Massachusetts,COM,commercial,,14.93,303.56117,2033.89109,number of customers,cents per kilowatt-hour,million dollars,million kilowatt hours
2007-03,MA,Massachusetts,ALL,all sectors,,15.27,725.24742,4749.24914,number of customers,cents per kilowatt-hour,million dollars,million kilowatt hours
2007-03,MA,Massachusetts,TRA,transportation,,8.68,3.18276,36.66166,number of customers,cents per kilowatt-hour,million dollars,million kilowatt hours
2007-03,MA,Massachusetts,RES,residential,,16.95,280.83903,1656.66923,number of customers,cents per kilowatt-hour,million dollars,million kilowatt hours
2007-03,MA,Massachusetts,OTH,other,,,,,number of customers,cents per kilowatt-hour,million dollars,million kilowatt hours
2007-03,MA,Massachusetts,IND,industrial,,13.57,108.00562,795.8943,number of customers,cents per kilowatt-hour,million dollars,million kilowatt hours
2007-03,MA,Massachusetts,COM,commercial,,14.74,333.22,2260.02395,number of customers,cents per kilowatt-hour,million dollars,million kilowatt hours
2007-02,MA,Massachusetts,ALL,all sectors,,15.87,749.91615,4726.66588,number of customers,cents per kilowatt-hour,million dollars,million kilowatt hours
2007-02,MA,Massachusetts,TRA,transportation,,9.53,3.39048,35.58896,number of customers,cents per kilowatt-hour,million dollars,million kilowatt hours
2007-02,MA,Massachusetts,RES,residential,,16.82,307.9932,1831.54523,number of customers,cents per kilowatt-hour,million dollars,million kilowatt hours
2007-02,MA,Massachusetts,OTH,other,,,,,number of customers,cents per kilowatt-hour,million dollars,million kilowatt hours
2007-02,MA,Massachusetts,IND,industrial,,12.52,91.22179,728.40082,number of customers,cents per kilowatt-hour,million dollars,million kilowatt hours
2007-02,MA,Massachusetts,COM,commercial,,16.3,347.31067,2131.13087,number of customers,cents per kilowatt-hour,million dollars,million kilowatt hours
2007-01,MA,Massachusetts,ALL,all sectors,,16.02,773.33643,4827.62168,number of customers,cents per kilowatt-hour,million dollars,million kilowatt hours
2007-01,MA,Massachusetts,TRA,transportation,,10.26,3.7496,36.5296,number of customers,cents per kilowatt-hour,million dollars,million kilowatt hours
2007-01,MA,Massachusetts,RES,residential,,17.87,318.91798,1784.67274,number of customers,cents per kilowatt-hour,million dollars,million kilowatt hours
2007-01,MA,Massachusetts,OTH,other,,,,,number of customers,cents per kilowatt-hour,million dollars,million kilowatt hours
2007-01,MA,Massachusetts,IND,industrial,,13.47,104.60372,776.44543,number of customers,cents per kilowatt-hour,million dollars,million kilowatt hours
2007-01,MA,Massachusetts,COM,commercial,,15.52,346.06514,2229.97391,number of customers,cents per kilowatt-hour,million dollars,million kilowatt hours
2006-12,MA,Massachusetts,ALL,all sectors,,15.06,703.248,4668.14352,number of customers,cents per kilowatt-hour,million dollars,million kilowatt hours
2006-12,MA,Massachusetts,TRA,transportation,,9.67,3.24731,33.597,number of customers,cents per kilowatt-hour,million dollars,million kilowatt hours
2006-12,MA,Massachusetts,RES,residential,,16.63,294.3191,1769.74473,number of customers,cents per kilowatt-hour,million dollars,million kilowatt hours
2006-12,MA,Massachusetts,OTH,other,,,,,number of customers,cents per kilowatt-hour,million dollars,million kilowatt hours
2006-12,MA,Massachusetts,IND,industrial,,12.92,106.71581,825.88035,number of customers,cents per kilowatt-hour,million dollars,million kilowatt hours
2006-12,MA,Massachusetts,COM,commercial,,14.66,298.96578,2038.92145,number of customers,cents per kilowatt-hour,million dollars,million kilowatt hours
2006-11,MA,Massachusetts,ALL,all sectors,,14.42,622.79867,4319.93398,number of customers,cents per kilowatt-hour,million dollars,million kilowatt hours
2006-11,MA,Massachusetts,TRA,transportation,,9.91,2.9392,29.64523,number of customers,cents per kilowatt-hour,million dollars,million kilowatt hours
2006-11,MA,Massachusetts,RES,residential,,15.74,235.75058,1497.97115,number of customers,cents per kilowatt-hour,million dollars,million kilowatt hours
2006-11,MA,Massachusetts,OTH,other,,,,,number of customers,cents per kilowatt-hour,million dollars,million kilowatt hours
2006-11,MA,Massachusetts,IND,industrial,,12.53,96.96679,773.69455,number of customers,cents per kilowatt-hour,million dollars,million kilowatt hours
2006-11,MA,Massachusetts,COM,commercial,,14.22,287.1421,2018.62305,number of customers,cents per kilowatt-hour,million dollars,million kilowatt hours
2006-10,MA,Massachusetts,ALL,all sectors,,14.84,646.57782,4358.00013,number of customers,cents per kilowatt-hour,million dollars,million kilowatt hours
2006-10,MA,Massachusetts,TRA,transportation,,9.6,2.83435,29.53724,number of customers,cents per kilowatt-hour,million dollars,million kilowatt hours
2006-10,MA,Massachusetts,RES,residential,,16.18,223.52442,1381.68555,number of customers,cents per kilowatt-hour,million dollars,million kilowatt hours
2006-10,MA,Massachusetts,OTH,other,,,,,number of customers,cents per kilowatt-hour,million dollars,million kilowatt hours
2006-10,MA,Massachusetts,IND,industrial,,12.78,109.14373,853.86181,number of customers,cents per kilowatt-hour,million dollars,million kilowatt hours
2006-10,MA,Massachusetts,COM,commercial,,14.86,311.07533,2092.91554,number of customers,cents per kilowatt-hour,million dollars,million kilowatt hours
2006-09,MA,Massachusetts,ALL,all sectors,,15.75,701.82151,4454.89841,number of customers,cents per kilowatt-hour,million dollars,million kilowatt hours
2006-09,MA,Massachusetts,TRA,transportation,,10.4,3.03634,29.19626,number of customers,cents per kilowatt-hour,million dollars,million kilowatt hours
2006-09,MA,Massachusetts,RES,residential,,16.59,241.62825,1456.86507,number of customers,cents per kilowatt-hour,million dollars,million kilowatt hours
2006-09,MA,Massachusetts,OTH,other,,,,,number of customers,cents per kilowatt-hour,million dollars,million kilowatt hours
2006-09,MA,Massachusetts,IND,industrial,,13.09,112.19445,856.99794,number of customers,cents per kilowatt-hour,million dollars,million kilowatt hours
2006-09,MA,Massachusetts,COM,commercial,,16.33,344.96247,2111.83915,number of customers,cents per kilowatt-hour,million dollars,million kilowatt hours
2006-08,MA,Massachusetts,RES,residential,,16.85,333.95208,1982.45794,number of customers,cents per kilowatt-hour,million dollars,million kilowatt hours
2006-08,MA,Massachusetts,OTH,other,,,,,number of customers,cents per kilowatt-hour,million dollars,million kilowatt hours
2006-08,MA,Massachusetts,IND,industrial,,13.84,98.43263,711.43594,number of customers,cents per kilowatt-hour,million dollars,million kilowatt hours
2006-08,MA,Massachusetts,COM,commercial,,16.53,418.438,2532.07913,number of customers,cents per kilowatt-hour,million dollars,million kilowatt hours
2006-08,MA,Massachusetts,ALL,all sectors,,16.27,854.93945,5256.02422,number of customers,cents per kilowatt-hour,million dollars,million kilowatt hours
2006-08,MA,Massachusetts,TRA,transportation,,13.7,4.11674,30.05121,number of customers,cents per kilowatt-hour,million dollars,million kilowatt hours
2006-07,MA,Massachusetts,ALL,all sectors,,15.44,855.82688,5542.05143,number of customers,cents per kilowatt-hour,million dollars,million kilowatt hours
2006-07,MA,Massachusetts,TRA,transportation,,13,4.08586,31.42513,number of customers,cents per kilowatt-hour,million dollars,million kilowatt hours
2006-07,MA,Massachusetts,RES,residential,,16.05,336.87424,2098.31673,number of customers,cents per kilowatt-hour,million dollars,million kilowatt hours
2006-07,MA,Massachusetts,OTH,other,,,,,number of customers,cents per kilowatt-hour,million dollars,million kilowatt hours
2006-07,MA,Massachusetts,IND,industrial,,13.45,120.6817,897.51955,number of customers,cents per kilowatt-hour,million dollars,million kilowatt hours
2006-07,MA,Massachusetts,COM,commercial,,15.67,394.18508,2514.79002,number of customers,cents per kilowatt-hour,million dollars,million kilowatt hours
2006-06,MA,Massachusetts,ALL,all sectors,,15.69,751.72164,4790.93553,number of customers,cents per kilowatt-hour,million dollars,million kilowatt hours
2006-06,MA,Massachusetts,TRA,transportation,,11.23,3.29743,29.37225,number of customers,cents per kilowatt-hour,million dollars,million kilowatt hours
2006-06,MA,Massachusetts,RES,residential,,16.22,267.97454,1651.65786,number of customers,cents per kilowatt-hour,million dollars,million kilowatt hours
2006-06,MA,Massachusetts,OTH,other,,,,,number of customers,cents per kilowatt-hour,million dollars,million kilowatt hours
2006-06,MA,Massachusetts,IND,industrial,,13.44,118.00787,878.14773,number of customers,cents per kilowatt-hour,million dollars,million kilowatt hours
2006-06,MA,Massachusetts,COM,commercial,,16.24,362.4418,2231.75769,number of customers,cents per kilowatt-hour,million dollars,million kilowatt hours
2006-05,MA,Massachusetts,ALL,all sectors,,14.68,639.53171,4355.84087,number of customers,cents per kilowatt-hour,million dollars,million kilowatt hours
2006-05,MA,Massachusetts,TRA,transportation,,9.91,3.12837,31.56612,number of customers,cents per kilowatt-hour,million dollars,million kilowatt hours
2006-05,MA,Massachusetts,RES,residential,,16.47,223.26622,1355.48804,number of customers,cents per kilowatt-hour,million dollars,million kilowatt hours
2006-05,MA,Massachusetts,OTH,other,,,,,number of customers,cents per kilowatt-hour,million dollars,million kilowatt hours
2006-05,MA,Massachusetts,IND,industrial,,12.51,109.29349,873.8061,number of customers,cents per kilowatt-hour,million dollars,million kilowatt hours
2006-05,MA,Massachusetts,COM,commercial,,14.5,303.84363,2094.98062,number of customers,cents per kilowatt-hour,million dollars,million kilowatt hours
2006-04,MA,Massachusetts,ALL,all sectors,,14.98,614.8243,4103.25019,number of customers,cents per kilowatt-hour,million dollars,million kilowatt hours
2006-04,MA,Massachusetts,TRA,transportation,,9.3,2.89329,31.10915,number of customers,cents per kilowatt-hour,million dollars,million kilowatt hours
2006-04,MA,Massachusetts,RES,residential,,16.48,216.63241,1314.38307,number of customers,cents per kilowatt-hour,million dollars,million kilowatt hours
2006-04,MA,Massachusetts,OTH,other,,,,,number of customers,cents per kilowatt-hour,million dollars,million kilowatt hours
2006-04,MA,Massachusetts,IND,industrial,,12.58,102.83262,817.254,number of customers,cents per kilowatt-hour,million dollars,million kilowatt hours
2006-04,MA,Massachusetts,COM,commercial,,15.07,292.46598,1940.50396,number of customers,cents per kilowatt-hour,million dollars,million kilowatt hours
2006-03,MA,Massachusetts,ALL,all sectors,,15.79,747.38278,4733.47396,number of customers,cents per kilowatt-hour,million dollars,million kilowatt hours
2006-03,MA,Massachusetts,TRA,transportation,,9.98,3.70887,37.16079,number of customers,cents per kilowatt-hour,million dollars,million kilowatt hours
2006-03,MA,Massachusetts,RES,residential,,17.17,289.18833,1684.38402,number of customers,cents per kilowatt-hour,million dollars,million kilowatt hours
2006-03,MA,Massachusetts,OTH,other,,,,,number of customers,cents per kilowatt-hour,million dollars,million kilowatt hours
2006-03,MA,Massachusetts,IND,industrial,,12.99,86.5394,666.2941,number of customers,cents per kilowatt-hour,million dollars,million kilowatt hours
2006-03,MA,Massachusetts,COM,commercial,,15.69,367.94618,2345.63505,number of customers,cents per kilowatt-hour,million dollars,million kilowatt hours
2006-02,MA,Massachusetts,ALL,all sectors,,16.6,727.47952,4382.01945,number of customers,cents per kilowatt-hour,million dollars,million kilowatt hours
2006-02,MA,Massachusetts,TRA,transportation,,11.02,3.91109,35.50289,number of customers,cents per kilowatt-hour,million dollars,million kilowatt hours
2006-02,MA,Massachusetts,RES,residential,,17.64,274.4418,1555.37704,number of customers,cents per kilowatt-hour,million dollars,million kilowatt hours
2006-02,MA,Massachusetts,OTH,other,,,,,number of customers,cents per kilowatt-hour,million dollars,million kilowatt hours
2006-02,MA,Massachusetts,IND,industrial,,13.5,109.07304,807.78912,number of customers,cents per kilowatt-hour,million dollars,million kilowatt hours
2006-02,MA,Massachusetts,COM,commercial,,17.15,340.05359,1983.35041,number of customers,cents per kilowatt-hour,million dollars,million kilowatt hours
2006-01,MA,Massachusetts,ALL,all sectors,,15.6,762.25471,4885.5183,number of customers,cents per kilowatt-hour,million dollars,million kilowatt hours
2006-01,MA,Massachusetts,TRA,transportation,,10.65,4.05514,38.07673,number of customers,cents per kilowatt-hour,million dollars,million kilowatt hours
2006-01,MA,Massachusetts,RES,residential,,17.05,319.78603,1876.09881,number of customers,cents per kilowatt-hour,million dollars,million kilowatt hours
2006-01,MA,Massachusetts,OTH,other,,,,,number of customers,cents per kilowatt-hour,million dollars,million kilowatt hours
2006-01,MA,Massachusetts,IND,industrial,,12.86,82.24947,639.77582,number of customers,cents per kilowatt-hour,million dollars,million kilowatt hours
2006-01,MA,Massachusetts,COM,commercial,,15.28,356.16407,2331.56694,number of customers,cents per kilowatt-hour,million dollars,million kilowatt hours
2005-12,MA,Massachusetts,ALL,all sectors,,13.23,649.93834,4912.16526,number of customers,cents per kilowatt-hour,million dollars,million kilowatt hours
2005-12,MA,Massachusetts,TRA,transportation,,4.48,1.6868,37.63098,number of customers,cents per kilowatt-hour,million dollars,million kilowatt hours
2005-12,MA,Massachusetts,RES,residential,,14.9,280.53394,1882.52075,number of customers,cents per kilowatt-hour,million dollars,million kilowatt hours
2005-12,MA,Massachusetts,OTH,other,,,,,number of customers,cents per kilowatt-hour,million dollars,million kilowatt hours
2005-12,MA,Massachusetts,IND,industrial,,10.13,78.95246,779.34924,number of customers,cents per kilowatt-hour,million dollars,million kilowatt hours
2005-12,MA,Massachusetts,COM,commercial,,13.05,288.76514,2212.66429,number of customers,cents per kilowatt-hour,million dollars,million kilowatt hours
2005-11,MA,Massachusetts,COM,commercial,,13.05,264.60732,2028.2411,number of customers,cents per kilowatt-hour,million dollars,million kilowatt hours
2005-11,MA,Massachusetts,ALL,all sectors,,12.78,558.08575,4366.69028,number of customers,cents per kilowatt-hour,million dollars,million kilowatt hours
2005-11,MA,Massachusetts,TRA,transportation,,4.6,1.42789,31.05324,number of customers,cents per kilowatt-hour,million dollars,million kilowatt hours
2005-11,MA,Massachusetts,RES,residential,,14.45,220.31591,1524.87502,number of customers,cents per kilowatt-hour,million dollars,million kilowatt hours
2005-11,MA,Massachusetts,OTH,other,,,,,number of customers,cents per kilowatt-hour,million dollars,million kilowatt hours
2005-11,MA,Massachusetts,IND,industrial,,9.17,71.73463,782.52092,number of customers,cents per kilowatt-hour,million dollars,million kilowatt hours
2005-10,MA,Massachusetts,RES,residential,,13.28,199.28429,1500.35833,number of customers,cents per kilowatt-hour,million dollars,million kilowatt hours
2005-10,MA,Massachusetts,OTH,other,,,,,number of customers,cents per kilowatt-hour,million dollars,million kilowatt hours
2005-10,MA,Massachusetts,IND,industrial,,9.49,80.55557,848.63283,number of customers,cents per kilowatt-hour,million dollars,million kilowatt hours
2005-10,MA,Massachusetts,COM,commercial,,12.35,268.54648,2174.56251,number of customers,cents per kilowatt-hour,million dollars,million kilowatt hours
2005-10,MA,Massachusetts,ALL,all sectors,,12.07,549.83917,4554.55458,number of customers,cents per kilowatt-hour,million dollars,million kilowatt hours
2005-10,MA,Massachusetts,TRA,transportation,,4.69,1.45282,31.00091,number of customers,cents per kilowatt-hour,million dollars,million kilowatt hours
2005-09,MA,Massachusetts,ALL,all sectors,,12.78,616.84526,4825.9158,number of customers,cents per kilowatt-hour,million dollars,million kilowatt hours
2005-09,MA,Massachusetts,TRA,transportation,,4.97,1.53912,30.95352,number of customers,cents per kilowatt-hour,million dollars,million kilowatt hours
2005-09,MA,Massachusetts,RES,residential,,13.66,232.70131,1703.69392,number of customers,cents per kilowatt-hour,million dollars,million kilowatt hours
2005-09,MA,Massachusetts,OTH,other,,,,,number of customers,cents per kilowatt-hour,million dollars,million kilowatt hours
2005-09,MA,Massachusetts,IND,industrial,,9.48,79.84648,841.97348,number of customers,cents per kilowatt-hour,million dollars,million kilowatt hours
2005-09,MA,Massachusetts,COM,commercial,,13.46,302.75835,2249.29488,number of customers,cents per kilowatt-hour,million dollars,million kilowatt hours
2005-08,MA,Massachusetts,ALL,all sectors,,12.46,696.1886,5586.98826,number of customers,cents per kilowatt-hour,million dollars,million kilowatt hours
2005-08,MA,Massachusetts,TRA,transportation,,5.85,1.90545,32.59647,number of customers,cents per kilowatt-hour,million dollars,million kilowatt hours
2005-08,MA,Massachusetts,RES,residential,,13.19,278.90201,2115.03587,number of customers,cents per kilowatt-hour,million dollars,million kilowatt hours
2005-08,MA,Massachusetts,OTH,other,,,,,number of customers,cents per kilowatt-hour,million dollars,million kilowatt hours
2005-08,MA,Massachusetts,IND,industrial,,9.21,84.47831,917.31086,number of customers,cents per kilowatt-hour,million dollars,million kilowatt hours
2005-08,MA,Massachusetts,COM,commercial,,13.12,330.90284,2522.04505,number of customers,cents per kilowatt-hour,million dollars,million kilowatt hours
2005-07,MA,Massachusetts,ALL,all sectors,,12.4,693.98022,5594.45337,number of customers,cents per kilowatt-hour,million dollars,million kilowatt hours
2005-07,MA,Massachusetts,TRA,transportation,,5.7,1.79612,31.52223,number of customers,cents per kilowatt-hour,million dollars,million kilowatt hours
2005-07,MA,Massachusetts,RES,residential,,13.08,275.35038,2105.09904,number of customers,cents per kilowatt-hour,million dollars,million kilowatt hours
2005-07,MA,Massachusetts,OTH,other,,,,,number of customers,cents per kilowatt-hour,million dollars,million kilowatt hours
2005-07,MA,Massachusetts,IND,industrial,,9.21,81.1949,881.94968,number of customers,cents per kilowatt-hour,million dollars,million kilowatt hours
2005-07,MA,Massachusetts,COM,commercial,,13.03,335.63882,2575.88242,number of customers,cents per kilowatt-hour,million dollars,million kilowatt hours
2005-06,MA,Massachusetts,ALL,all sectors,,12.17,598.32227,4917.6314,number of customers,cents per kilowatt-hour,million dollars,million kilowatt hours
2005-06,MA,Massachusetts,TRA,transportation,,4.75,1.44419,30.37888,number of customers,cents per kilowatt-hour,million dollars,million kilowatt hours
2005-06,MA,Massachusetts,RES,residential,,13.16,224.22828,1703.6474,number of customers,cents per kilowatt-hour,million dollars,million kilowatt hours
2005-06,MA,Massachusetts,OTH,other,,,,,number of customers,cents per kilowatt-hour,million dollars,million kilowatt hours
2005-06,MA,Massachusetts,IND,industrial,,9.08,79.73162,877.88363,number of customers,cents per kilowatt-hour,million dollars,million kilowatt hours
2005-06,MA,Massachusetts,COM,commercial,,12.7,292.91819,2305.7215,number of customers,cents per kilowatt-hour,million dollars,million kilowatt hours
2005-05,MA,Massachusetts,ALL,all sectors,,11.5,483.60127,4206.08854,number of customers,cents per kilowatt-hour,million dollars,million kilowatt hours
2005-05,MA,Massachusetts,TRA,transportation,,4.46,1.36747,30.63855,number of customers,cents per kilowatt-hour,million dollars,million kilowatt hours
2005-05,MA,Massachusetts,RES,residential,,13.31,183.56392,1379.10047,number of customers,cents per kilowatt-hour,million dollars,million kilowatt hours
2005-05,MA,Massachusetts,OTH,other,,,,,number of customers,cents per kilowatt-hour,million dollars,million kilowatt hours
2005-05,MA,Massachusetts,IND,industrial,,8.93,70.97869,794.97683,number of customers,cents per kilowatt-hour,million dollars,million kilowatt hours
2005-05,MA,Massachusetts,COM,commercial,,11.38,227.69119,2001.37269,number of customers,cents per kilowatt-hour,million dollars,million kilowatt hours
2005-04,MA,Massachusetts,ALL,all sectors,,11.61,488.02971,4204.83161,number of customers,cents per kilowatt-hour,million dollars,million kilowatt hours
2005-04,MA,Massachusetts,TRA,transportation,,4.37,1.36172,31.17962,number of customers,cents per kilowatt-hour,million dollars,million kilowatt hours
2005-04,MA,Massachusetts,RES,residential,,13.03,183.29737,1406.29257,number of customers,cents per kilowatt-hour,million dollars,million kilowatt hours
2005-04,MA,Massachusetts,OTH,other,,,,,number of customers,cents per kilowatt-hour,million dollars,million kilowatt hours
2005-04,MA,Massachusetts,IND,industrial,,8.35,66.5751,797.45153,number of customers,cents per kilowatt-hour,million dollars,million kilowatt hours
2005-04,MA,Massachusetts,COM,commercial,,12.02,236.79552,1969.90789,number of customers,cents per kilowatt-hour,million dollars,million kilowatt hours
2005-03,MA,Massachusetts,ALL,all sectors,,11.59,548.81751,4735.68484,number of customers,cents per kilowatt-hour,million dollars,million kilowatt hours
2005-03,MA,Massachusetts,TRA,transportation,,4.33,1.67817,38.78816,number of customers,cents per kilowatt-hour,million dollars,million kilowatt hours
2005-03,MA,Massachusetts,RES,residential,,13.1,223.51951,1706.38473,number of customers,cents per kilowatt-hour,million dollars,million kilowatt hours
2005-03,MA,Massachusetts,OTH,other,,,,,number of customers,cents per kilowatt-hour,million dollars,million kilowatt hours
2005-03,MA,Massachusetts,IND,industrial,,8.94,73.01912,816.74261,number of customers,cents per kilowatt-hour,million dollars,million kilowatt hours
2005-03,MA,Massachusetts,COM,commercial,,11.53,250.60072,2173.76934,number of customers,cents per kilowatt-hour,million dollars,million kilowatt hours
2005-02,MA,Massachusetts,ALL,all sectors,,11.81,530.01721,4488.30167,number of customers,cents per kilowatt-hour,million dollars,million kilowatt hours
2005-02,MA,Massachusetts,TRA,transportation,,4.92,1.75872,35.71552,number of customers,cents per kilowatt-hour,million dollars,million kilowatt hours
2005-02,MA,Massachusetts,RES,residential,,13.35,217.3965,1628.24073,number of customers,cents per kilowatt-hour,million dollars,million kilowatt hours
2005-02,MA,Massachusetts,OTH,other,,,,,number of customers,cents per kilowatt-hour,million dollars,million kilowatt hours
2005-02,MA,Massachusetts,IND,industrial,,9.23,70.86949,767.47033,number of customers,cents per kilowatt-hour,million dollars,million kilowatt hours
2005-02,MA,Massachusetts,COM,commercial,,11.67,239.99249,2056.87509,number of customers,cents per kilowatt-hour,million dollars,million kilowatt hours
2005-01,MA,Massachusetts,ALL,all sectors,,11.53,557.47868,4834.28238,number of customers,cents per kilowatt-hour,million dollars,million kilowatt hours
2005-01,MA,Massachusetts,TRA,transportation,,4.67,1.90353,40.75892,number of customers,cents per kilowatt-hour,million dollars,million kilowatt hours
2005-01,MA,Massachusetts,RES,residential,,12.8,241.21357,1884.07518,number of customers,cents per kilowatt-hour,million dollars,million kilowatt hours
2005-01,MA,Massachusetts,OTH,other,,,,,number of customers,cents per kilowatt-hour,million dollars,million kilowatt hours
2005-01,MA,Massachusetts,IND,industrial,,9.38,71.67264,764.29105,number of customers,cents per kilowatt-hour,million dollars,million kilowatt hours
2005-01,MA,Massachusetts,COM,commercial,,11.31,242.68894,2145.15723,number of customers,cents per kilowatt-hour,million dollars,million kilowatt hours
2004-12,MA,Massachusetts,ALL,all sectors,,10.98,548.8946,5001.15886,number of customers,cents per kilowatt-hour,million dollars,million kilowatt hours
2004-12,MA,Massachusetts,TRA,transportation,,4.47,1.68944,37.82753,number of customers,cents per kilowatt-hour,million dollars,million kilowatt hours
2004-12,MA,Massachusetts,RES,residential,,12.16,232.6146,1912.78523,number of customers,cents per kilowatt-hour,million dollars,million kilowatt hours
2004-12,MA,Massachusetts,OTH,other,,,,,number of customers,cents per kilowatt-hour,million dollars,million kilowatt hours
2004-12,MA,Massachusetts,IND,industrial,,8.88,69.8067,786.05539,number of customers,cents per kilowatt-hour,million dollars,million kilowatt hours
2004-12,MA,Massachusetts,COM,commercial,,10.81,244.78387,2264.49071,number of customers,cents per kilowatt-hour,million dollars,million kilowatt hours
2004-11,MA,Massachusetts,ALL,all sectors,,10.78,457.82324,4248.17731,number of customers,cents per kilowatt-hour,million dollars,million kilowatt hours
2004-11,MA,Massachusetts,TRA,transportation,,4.36,1.39545,31.97161,number of customers,cents per kilowatt-hour,million dollars,million kilowatt hours
2004-11,MA,Massachusetts,RES,residential,,12.17,181.96358,1495.73037,number of customers,cents per kilowatt-hour,million dollars,million kilowatt hours
2004-11,MA,Massachusetts,OTH,other,,,,,number of customers,cents per kilowatt-hour,million dollars,million kilowatt hours
2004-11,MA,Massachusetts,IND,industrial,,8.27,61.95465,749.22713,number of customers,cents per kilowatt-hour,million dollars,million kilowatt hours
2004-11,MA,Massachusetts,COM,commercial,,10.78,212.50956,1971.2482,number of customers,cents per kilowatt-hour,million dollars,million kilowatt hours
2004-10,MA,Massachusetts,ALL,all sectors,,10.75,469.1583,4362.32626,number of customers,cents per kilowatt-hour,million dollars,million kilowatt hours
2004-10,MA,Massachusetts,TRA,transportation,,4.23,1.28671,30.41663,number of customers,cents per kilowatt-hour,million dollars,million kilowatt hours
2004-10,MA,Massachusetts,RES,residential,,12.05,173.46107,1438.93177,number of customers,cents per kilowatt-hour,million dollars,million kilowatt hours
2004-10,MA,Massachusetts,OTH,other,,,,,number of customers,cents per kilowatt-hour,million dollars,million kilowatt hours
2004-10,MA,Massachusetts,IND,industrial,,8.29,66.43197,801.36496,number of customers,cents per kilowatt-hour,million dollars,million kilowatt hours
2004-10,MA,Massachusetts,COM,commercial,,10.9,227.97855,2091.61291,number of customers,cents per kilowatt-hour,million dollars,million kilowatt hours
2004-09,MA,Massachusetts,ALL,all sectors,,11.74,540.78853,4605.68227,number of customers,cents per kilowatt-hour,million dollars,million kilowatt hours
2004-09,MA,Massachusetts,TRA,transportation,,4.62,1.39444,30.16163,number of customers,cents per kilowatt-hour,million dollars,million kilowatt hours
2004-09,MA,Massachusetts,RES,residential,,12.22,194.18283,1589.65698,number of customers,cents per kilowatt-hour,million dollars,million kilowatt hours
2004-09,MA,Massachusetts,OTH,other,,,,,number of customers,cents per kilowatt-hour,million dollars,million kilowatt hours
2004-09,MA,Massachusetts,IND,industrial,,8.78,72.62747,827.60151,number of customers,cents per kilowatt-hour,million dollars,million kilowatt hours
2004-09,MA,Massachusetts,COM,commercial,,12.63,272.58378,2158.26215,number of customers,cents per kilowatt-hour,million dollars,million kilowatt hours
2004-08,MA,Massachusetts,ALL,all sectors,,11.38,579.64005,5093.29258,number of customers,cents per kilowatt-hour,million dollars,million kilowatt hours
2004-08,MA,Massachusetts,TRA,transportation,,5.67,1.80724,31.86561,number of customers,cents per kilowatt-hour,million dollars,million kilowatt hours
2004-08,MA,Massachusetts,RES,residential,,11.96,219.0022,1830.88445,number of customers,cents per kilowatt-hour,million dollars,million kilowatt hours
2004-08,MA,Massachusetts,OTH,other,,,,,number of customers,cents per kilowatt-hour,million dollars,million kilowatt hours
2004-08,MA,Massachusetts,IND,industrial,,8.96,76.20246,850.81025,number of customers,cents per kilowatt-hour,million dollars,million kilowatt hours
2004-08,MA,Massachusetts,COM,commercial,,11.88,282.62814,2379.73226,number of customers,cents per kilowatt-hour,million dollars,million kilowatt hours
2004-07,MA,Massachusetts,OTH,other,,,,,number of customers,cents per kilowatt-hour,million dollars,million kilowatt hours
2004-07,MA,Massachusetts,IND,industrial,,8.7,76.66925,880.98567,number of customers,cents per kilowatt-hour,million dollars,million kilowatt hours
2004-07,MA,Massachusetts,COM,commercial,,11.94,280.96489,2352.48252,number of customers,cents per kilowatt-hour,million dollars,million kilowatt hours
2004-07,MA,Massachusetts,ALL,all sectors,,11.26,563.03648,5001.94762,number of customers,cents per kilowatt-hour,million dollars,million kilowatt hours
2004-07,MA,Massachusetts,TRA,transportation,,5.62,1.83644,32.6936,number of customers,cents per kilowatt-hour,million dollars,million kilowatt hours
2004-07,MA,Massachusetts,RES,residential,,11.73,203.5659,1735.78583,number of customers,cents per kilowatt-hour,million dollars,million kilowatt hours
2004-06,MA,Massachusetts,ALL,all sectors,,11.1,520.13141,4686.29004,number of customers,cents per kilowatt-hour,million dollars,million kilowatt hours
2004-06,MA,Massachusetts,TRA,transportation,,4.88,1.476,30.22463,number of customers,cents per kilowatt-hour,million dollars,million kilowatt hours
2004-06,MA,Massachusetts,RES,residential,,11.55,180.47607,1562.39382,number of customers,cents per kilowatt-hour,million dollars,million kilowatt hours
2004-06,MA,Massachusetts,OTH,other,,,,,number of customers,cents per kilowatt-hour,million dollars,million kilowatt hours
2004-06,MA,Massachusetts,IND,industrial,,8.55,72.07619,843.41203,number of customers,cents per kilowatt-hour,million dollars,million kilowatt hours
2004-06,MA,Massachusetts,COM,commercial,,11.83,266.10316,2250.25956,number of customers,cents per kilowatt-hour,million dollars,million kilowatt hours
2004-05,MA,Massachusetts,ALL,all sectors,,9.93,433.09567,4362.67565,number of customers,cents per kilowatt-hour,million dollars,million kilowatt hours
2004-05,MA,Massachusetts,TRA,transportation,,4.09,1.24946,30.56462,number of customers,cents per kilowatt-hour,million dollars,million kilowatt hours
2004-05,MA,Massachusetts,RES,residential,,11.43,159.20039,1392.54087,number of customers,cents per kilowatt-hour,million dollars,million kilowatt hours
2004-05,MA,Massachusetts,OTH,other,,,,,number of customers,cents per kilowatt-hour,million dollars,million kilowatt hours
2004-05,MA,Massachusetts,IND,industrial,,7.83,63.92175,816.49219,number of customers,cents per kilowatt-hour,million dollars,million kilowatt hours
2004-05,MA,Massachusetts,COM,commercial,,9.83,208.72408,2123.07796,number of customers,cents per kilowatt-hour,million dollars,million kilowatt hours
2004-04,MA,Massachusetts,ALL,all sectors,,10.38,431.83893,4160.97532,number of customers,cents per kilowatt-hour,million dollars,million kilowatt hours
2004-04,MA,Massachusetts,TRA,transportation,,4.29,1.46089,34.05458,number of customers,cents per kilowatt-hour,million dollars,million kilowatt hours
2004-04,MA,Massachusetts,RES,residential,,11.56,165.68538,1433.23372,number of customers,cents per kilowatt-hour,million dollars,million kilowatt hours
2004-04,MA,Massachusetts,OTH,other,,,,,number of customers,cents per kilowatt-hour,million dollars,million kilowatt hours
2004-04,MA,Massachusetts,IND,industrial,,8.3,62.63308,754.63291,number of customers,cents per kilowatt-hour,million dollars,million kilowatt hours
2004-04,MA,Massachusetts,COM,commercial,,10.42,202.05958,1939.0541,number of customers,cents per kilowatt-hour,million dollars,million kilowatt hours
2004-03,MA,Massachusetts,ALL,all sectors,,10.09,469.45089,4651.52455,number of customers,cents per kilowatt-hour,million dollars,million kilowatt hours
2004-03,MA,Massachusetts,TRA,transportation,,4.16,1.54446,37.09554,number of customers,cents per kilowatt-hour,million dollars,million kilowatt hours
2004-03,MA,Massachusetts,RES,residential,,11.36,181.45987,1597.66631,number of customers,cents per kilowatt-hour,million dollars,million kilowatt hours
2004-03,MA,Massachusetts,OTH,other,,,,,number of customers,cents per kilowatt-hour,million dollars,million kilowatt hours
2004-03,MA,Massachusetts,IND,industrial,,8.07,72.36369,896.60578,number of customers,cents per kilowatt-hour,million dollars,million kilowatt hours
2004-03,MA,Massachusetts,COM,commercial,,10.1,214.08287,2120.15692,number of customers,cents per kilowatt-hour,million dollars,million kilowatt hours
2004-02,MA,Massachusetts,RES,residential,,11.69,202.21764,1729.45757,number of customers,cents per kilowatt-hour,million dollars,million kilowatt hours
2004-02,MA,Massachusetts,OTH,other,,,,,number of customers,cents per kilowatt-hour,million dollars,million kilowatt hours
2004-02,MA,Massachusetts,IND,industrial,,8.79,71.99237,819.22891,number of customers,cents per kilowatt-hour,million dollars,million kilowatt hours
2004-02,MA,Massachusetts,COM,commercial,,10.56,213.62098,2023.38316,number of customers,cents per kilowatt-hour,million dollars,million kilowatt hours
2004-02,MA,Massachusetts,ALL,all sectors,,10.62,489.61507,4609.09419,number of customers,cents per kilowatt-hour,million dollars,million kilowatt hours
2004-02,MA,Massachusetts,TRA,transportation,,4.82,1.78408,37.02454,number of customers,cents per kilowatt-hour,million dollars,million kilowatt hours
2004-01,MA,Massachusetts,ALL,all sectors,,10.1,541.18782,5358.87435,number of customers,cents per kilowatt-hour,million dollars,million kilowatt hours
2004-01,MA,Massachusetts,TRA,transportation,,4.65,1.97538,42.46748,number of customers,cents per kilowatt-hour,million dollars,million kilowatt hours
2004-01,MA,Massachusetts,RES,residential,,11.2,229.60146,2049.46206,number of customers,cents per kilowatt-hour,million dollars,million kilowatt hours
2004-01,MA,Massachusetts,OTH,other,,,,,number of customers,cents per kilowatt-hour,million dollars,million kilowatt hours
2004-01,MA,Massachusetts,IND,industrial,,8.4,77.30344,920.58127,number of customers,cents per kilowatt-hour,million dollars,million kilowatt hours
2004-01,MA,Massachusetts,COM,commercial,,9.9,232.30754,2346.36354,number of customers,cents per kilowatt-hour,million dollars,million kilowatt hours
2003-12,MA,Massachusetts,TRA,transportation,,4.22,1.20009,28.47092,number of customers,cents per kilowatt-hour,million dollars,million kilowatt hours
2003-12,MA,Massachusetts,RES,residential,,11.98,213.61309,1783.04485,number of customers,cents per kilowatt-hour,million dollars,million kilowatt hours
2003-12,MA,Massachusetts,OTH,other,,,,,number of customers,cents per kilowatt-hour,million dollars,million kilowatt hours
2003-12,MA,Massachusetts,IND,industrial,,8.87,72.92033,821.80898,number of customers,cents per kilowatt-hour,million dollars,million kilowatt hours
2003-12,MA,Massachusetts,COM,commercial,,10.46,227.48869,2174.92657,number of customers,cents per kilowatt-hour,million dollars,million kilowatt hours
2003-12,MA,Massachusetts,ALL,all sectors,,10.72,515.2222,4808.25132,number of customers,cents per kilowatt-hour,million dollars,million kilowatt hours
2003-11,MA,Massachusetts,ALL,all sectors,,10.35,443.24821,4280.71256,number of customers,cents per kilowatt-hour,million dollars,million kilowatt hours
2003-11,MA,Massachusetts,TRA,transportation,,3.79,.99207,26.15345,number of customers,cents per kilowatt-hour,million dollars,million kilowatt hours
2003-11,MA,Massachusetts,RES,residential,,12.01,174.24804,1450.65031,number of customers,cents per kilowatt-hour,million dollars,million kilowatt hours
2003-11,MA,Massachusetts,OTH,other,,,,,number of customers,cents per kilowatt-hour,million dollars,million kilowatt hours
2003-11,MA,Massachusetts,IND,industrial,,8.44,67.43731,799.33356,number of customers,cents per kilowatt-hour,million dollars,million kilowatt hours
2003-11,MA,Massachusetts,COM,commercial,,10.01,200.57079,2004.57524,number of customers,cents per kilowatt-hour,million dollars,million kilowatt hours
2003-10,MA,Massachusetts,ALL,all sectors,,10.93,478.35644,4376.51348,number of customers,cents per kilowatt-hour,million dollars,million kilowatt hours
2003-10,MA,Massachusetts,TRA,transportation,,4.29,1.1093,25.86736,number of customers,cents per kilowatt-hour,million dollars,million kilowatt hours
2003-10,MA,Massachusetts,RES,residential,,12,169.05952,1409.29567,number of customers,cents per kilowatt-hour,million dollars,million kilowatt hours
2003-10,MA,Massachusetts,OTH,other,,,,,number of customers,cents per kilowatt-hour,million dollars,million kilowatt hours
2003-10,MA,Massachusetts,IND,industrial,,8.91,75.85648,851.38349,number of customers,cents per kilowatt-hour,million dollars,million kilowatt hours
2003-10,MA,Massachusetts,COM,commercial,,11.12,232.33114,2089.96697,number of customers,cents per kilowatt-hour,million dollars,million kilowatt hours
2003-09,MA,Massachusetts,ALL,all sectors,,11.99,528.13102,4405.37508,number of customers,cents per kilowatt-hour,million dollars,million kilowatt hours
2003-09,MA,Massachusetts,TRA,transportation,,4.9,1.10871,22.60701,number of customers,cents per kilowatt-hour,million dollars,million kilowatt hours
2003-09,MA,Massachusetts,RES,residential,,12.64,189.75211,1501.56815,number of customers,cents per kilowatt-hour,million dollars,million kilowatt hours
2003-09,MA,Massachusetts,OTH,other,,,,,number of customers,cents per kilowatt-hour,million dollars,million kilowatt hours
2003-09,MA,Massachusetts,IND,industrial,,9.49,78.73636,829.73119,number of customers,cents per kilowatt-hour,million dollars,million kilowatt hours
2003-09,MA,Massachusetts,COM,commercial,,12.6,258.53383,2051.46873,number of customers,cents per kilowatt-hour,million dollars,million kilowatt hours
2003-08,MA,Massachusetts,ALL,all sectors,,11.58,619.0886,5348.46438,number of customers,cents per kilowatt-hour,million dollars,million kilowatt hours
2003-08,MA,Massachusetts,COM,commercial,,11.8,287.01281,2431.28709,number of customers,cents per kilowatt-hour,million dollars,million kilowatt hours
2003-08,MA,Massachusetts,IND,industrial,,9.95,89.536,899.76791,number of customers,cents per kilowatt-hour,million dollars,million kilowatt hours
2003-08,MA,Massachusetts,OTH,other,,,,,number of customers,cents per kilowatt-hour,million dollars,million kilowatt hours
2003-08,MA,Massachusetts,RES,residential,,12.11,241.51151,1994.52161,number of customers,cents per kilowatt-hour,million dollars,million kilowatt hours
2003-08,MA,Massachusetts,TRA,transportation,,4.49,1.02829,22.88776,number of customers,cents per kilowatt-hour,million dollars,million kilowatt hours
2003-07,MA,Massachusetts,ALL,all sectors,,11.18,589.43398,5271.21423,number of customers,cents per kilowatt-hour,million dollars,million kilowatt hours
2003-07,MA,Massachusetts,COM,commercial,,11.42,280.11773,2452.63113,number of customers,cents per kilowatt-hour,million dollars,million kilowatt hours
2003-07,MA,Massachusetts,IND,industrial,,9.23,83.46793,904.71735,number of customers,cents per kilowatt-hour,million dollars,million kilowatt hours
2003-07,MA,Massachusetts,OTH,other,,,,,number of customers,cents per kilowatt-hour,million dollars,million kilowatt hours
2003-07,MA,Massachusetts,RES,residential,,11.89,225.00489,1892.52077,number of customers,cents per kilowatt-hour,million dollars,million kilowatt hours
2003-07,MA,Massachusetts,TRA,transportation,,3.95,.84343,21.34498,number of customers,cents per kilowatt-hour,million dollars,million kilowatt hours
2003-06,MA,Massachusetts,ALL,all sectors,,11.15,483.72535,4338.19497,number of customers,cents per kilowatt-hour,million dollars,million kilowatt hours
2003-06,MA,Massachusetts,TRA,transportation,,4.43,.947,21.36457,number of customers,cents per kilowatt-hour,million dollars,million kilowatt hours
2003-06,MA,Massachusetts,RES,residential,,12.05,167.71602,1391.50754,number of customers,cents per kilowatt-hour,million dollars,million kilowatt hours
2003-06,MA,Massachusetts,OTH,other,,,,,number of customers,cents per kilowatt-hour,million dollars,million kilowatt hours
2003-06,MA,Massachusetts,IND,industrial,,9.15,78.56691,858.37983,number of customers,cents per kilowatt-hour,million dollars,million kilowatt hours
2003-06,MA,Massachusetts,COM,commercial,,11.44,236.49542,2066.94303,number of customers,cents per kilowatt-hour,million dollars,million kilowatt hours
2003-05,MA,Massachusetts,ALL,all sectors,,10.17,435.63817,4282.34313,number of customers,cents per kilowatt-hour,million dollars,million kilowatt hours
2003-05,MA,Massachusetts,TRA,transportation,,4.05,.90223,22.27442,number of customers,cents per kilowatt-hour,million dollars,million kilowatt hours
2003-05,MA,Massachusetts,RES,residential,,11.56,158.24128,1368.475,number of customers,cents per kilowatt-hour,million dollars,million kilowatt hours
2003-05,MA,Massachusetts,OTH,other,,,,,number of customers,cents per kilowatt-hour,million dollars,million kilowatt hours
2003-05,MA,Massachusetts,IND,industrial,,8.72,75.37598,864.49776,number of customers,cents per kilowatt-hour,million dollars,million kilowatt hours
2003-05,MA,Massachusetts,COM,commercial,,9.92,201.11868,2027.09596,number of customers,cents per kilowatt-hour,million dollars,million kilowatt hours
2003-04,MA,Massachusetts,ALL,all sectors,,9.65,404.38059,4188.64341,number of customers,cents per kilowatt-hour,million dollars,million kilowatt hours
2003-04,MA,Massachusetts,TRA,transportation,,4.08,.9081,22.24584,number of customers,cents per kilowatt-hour,million dollars,million kilowatt hours
2003-04,MA,Massachusetts,RES,residential,,10.75,156.07913,1452.07174,number of customers,cents per kilowatt-hour,million dollars,million kilowatt hours
2003-04,MA,Massachusetts,OTH,other,,,,,number of customers,cents per kilowatt-hour,million dollars,million kilowatt hours
2003-04,MA,Massachusetts,IND,industrial,,8.73,66.35595,760.01783,number of customers,cents per kilowatt-hour,million dollars,million kilowatt hours
2003-04,MA,Massachusetts,COM,commercial,,9.26,181.03741,1954.30801,number of customers,cents per kilowatt-hour,million dollars,million kilowatt hours
2003-03,MA,Massachusetts,ALL,all sectors,,9.95,463.39743,4657.8549,number of customers,cents per kilowatt-hour,million dollars,million kilowatt hours
2003-03,MA,Massachusetts,TRA,transportation,,4.24,1.05357,24.82692,number of customers,cents per kilowatt-hour,million dollars,million kilowatt hours
2003-03,MA,Massachusetts,RES,residential,,11.05,189.34533,1712.89099,number of customers,cents per kilowatt-hour,million dollars,million kilowatt hours
2003-03,MA,Massachusetts,OTH,other,,,,,number of customers,cents per kilowatt-hour,million dollars,million kilowatt hours
2003-03,MA,Massachusetts,IND,industrial,,8.86,71.17711,803.10792,number of customers,cents per kilowatt-hour,million dollars,million kilowatt hours
2003-03,MA,Massachusetts,COM,commercial,,9.53,201.82142,2117.02906,number of customers,cents per kilowatt-hour,million dollars,million kilowatt hours
2003-02,MA,Massachusetts,ALL,all sectors,,9.68,434.84392,4489.96164,number of customers,cents per kilowatt-hour,million dollars,million kilowatt hours
2003-02,MA,Massachusetts,TRA,transportation,,3.63,.90135,24.84137,number of customers,cents per kilowatt-hour,million dollars,million kilowatt hours
2003-02,MA,Massachusetts,RES,residential,,10.83,184.84365,1706.85226,number of customers,cents per kilowatt-hour,million dollars,million kilowatt hours
2003-02,MA,Massachusetts,OTH,other,,,,,number of customers,cents per kilowatt-hour,million dollars,million kilowatt hours
2003-02,MA,Massachusetts,IND,industrial,,8.48,64.36751,759.04941,number of customers,cents per kilowatt-hour,million dollars,million kilowatt hours
2003-02,MA,Massachusetts,COM,commercial,,9.24,184.73142,1999.2186,number of customers,cents per kilowatt-hour,million dollars,million kilowatt hours
2003-01,MA,Massachusetts,OTH,other,,,,,number of customers,cents per kilowatt-hour,million dollars,million kilowatt hours
2003-01,MA,Massachusetts,IND,industrial,,8.12,67.55715,832.36577,number of customers,cents per kilowatt-hour,million dollars,million kilowatt hours
2003-01,MA,Massachusetts,COM,commercial,,8.58,195.49264,2278.38863,number of customers,cents per kilowatt-hour,million dollars,million kilowatt hours
2003-01,MA,Massachusetts,ALL,all sectors,,9.21,466.45609,5066.8279,number of customers,cents per kilowatt-hour,million dollars,million kilowatt hours
2003-01,MA,Massachusetts,TRA,transportation,,3.26,.93586,28.6814,number of customers,cents per kilowatt-hour,million dollars,million kilowatt hours
2003-01,MA,Massachusetts,RES,residential,,10.5,202.47044,1927.3921,number of customers,cents per kilowatt-hour,million dollars,million kilowatt hours
2002-12,MA,Massachusetts,ALL,all sectors,,9.94,474.2815,4769.26055,number of customers,cents per kilowatt-hour,million dollars,million kilowatt hours
2002-12,MA,Massachusetts,TRA,transportation,,,,,number of customers,cents per kilowatt-hour,million dollars,million kilowatt hours
2002-12,MA,Massachusetts,RES,residential,,10.78,195.39111,1812.47145,number of customers,cents per kilowatt-hour,million dollars,million kilowatt hours
2002-12,MA,Massachusetts,OTH,other,,14.54,8.39788,57.77222,number of customers,cents per kilowatt-hour,million dollars,million kilowatt hours
2002-12,MA,Massachusetts,IND,industrial,,8.73,69.99557,802.23643,number of customers,cents per kilowatt-hour,million dollars,million kilowatt hours
2002-12,MA,Massachusetts,COM,commercial,,9.56,200.49694,2096.78045,number of customers,cents per kilowatt-hour,million dollars,million kilowatt hours
2002-11,MA,Massachusetts,ALL,all sectors,,9.69,415.3945,4286.56173,number of customers,cents per kilowatt-hour,million dollars,million kilowatt hours
2002-11,MA,Massachusetts,TRA,transportation,,,,,number of customers,cents per kilowatt-hour,million dollars,million kilowatt hours
2002-11,MA,Massachusetts,RES,residential,,11.04,157.32963,1425.2297,number of customers,cents per kilowatt-hour,million dollars,million kilowatt hours
2002-11,MA,Massachusetts,OTH,other,,11.67,6.39406,54.79938,number of customers,cents per kilowatt-hour,million dollars,million kilowatt hours
2002-11,MA,Massachusetts,IND,industrial,,9.15,75.32289,823.33648,number of customers,cents per kilowatt-hour,million dollars,million kilowatt hours
2002-11,MA,Massachusetts,COM,commercial,,8.89,176.34791,1983.19617,number of customers,cents per kilowatt-hour,million dollars,million kilowatt hours
2002-10,MA,Massachusetts,ALL,all sectors,,10.04,431.86113,4300.41331,number of customers,cents per kilowatt-hour,million dollars,million kilowatt hours
2002-10,MA,Massachusetts,TRA,transportation,,,,,number of customers,cents per kilowatt-hour,million dollars,million kilowatt hours
2002-10,MA,Massachusetts,RES,residential,,10.87,148.56086,1366.24132,number of customers,cents per kilowatt-hour,million dollars,million kilowatt hours
2002-10,MA,Massachusetts,OTH,other,,11.64,7.10396,61.0059,number of customers,cents per kilowatt-hour,million dollars,million kilowatt hours
2002-10,MA,Massachusetts,IND,industrial,,8.25,70.45102,853.70606,number of customers,cents per kilowatt-hour,million dollars,million kilowatt hours
2002-10,MA,Massachusetts,COM,commercial,,10.19,205.74529,2019.46003,number of customers,cents per kilowatt-hour,million dollars,million kilowatt hours
2002-09,MA,Massachusetts,ALL,all sectors,,10.43,476.35079,4567.50442,number of customers,cents per kilowatt-hour,million dollars,million kilowatt hours
2002-09,MA,Massachusetts,TRA,transportation,,,,,number of customers,cents per kilowatt-hour,million dollars,million kilowatt hours
2002-09,MA,Massachusetts,RES,residential,,10.68,171.64997,1607.84327,number of customers,cents per kilowatt-hour,million dollars,million kilowatt hours
2002-09,MA,Massachusetts,OTH,other,,12.43,7.07557,56.92213,number of customers,cents per kilowatt-hour,million dollars,million kilowatt hours
2002-09,MA,Massachusetts,IND,industrial,,8.6,73.63368,856.3672,number of customers,cents per kilowatt-hour,million dollars,million kilowatt hours
2002-09,MA,Massachusetts,COM,commercial,,10.95,223.99157,2046.37183,number of customers,cents per kilowatt-hour,million dollars,million kilowatt hours
2002-08,MA,Massachusetts,ALL,all sectors,,10.18,546.15881,5363.66241,number of customers,cents per kilowatt-hour,million dollars,million kilowatt hours
2002-08,MA,Massachusetts,TRA,transportation,,,,,number of customers,cents per kilowatt-hour,million dollars,million kilowatt hours
2002-08,MA,Massachusetts,RES,residential,,10.56,210.40829,1993.2549,number of customers,cents per kilowatt-hour,million dollars,million kilowatt hours
2002-08,MA,Massachusetts,OTH,other,,12.87,7.24207,56.25712,number of customers,cents per kilowatt-hour,million dollars,million kilowatt hours
2002-08,MA,Massachusetts,IND,industrial,,8.62,80.1923,930.17532,number of customers,cents per kilowatt-hour,million dollars,million kilowatt hours
2002-08,MA,Massachusetts,COM,commercial,,10.42,248.31616,2383.97507,number of customers,cents per kilowatt-hour,million dollars,million kilowatt hours
2002-07,MA,Massachusetts,ALL,all sectors,,10.59,534.87673,5051.03986,number of customers,cents per kilowatt-hour,million dollars,million kilowatt hours
2002-07,MA,Massachusetts,TRA,transportation,,,,,number of customers,cents per kilowatt-hour,million dollars,million kilowatt hours
2002-07,MA,Massachusetts,RES,residential,,10.75,195.18214,1815.38006,number of customers,cents per kilowatt-hour,million dollars,million kilowatt hours
2002-07,MA,Massachusetts,OTH,other,,15.55,8.46257,54.41674,number of customers,cents per kilowatt-hour,million dollars,million kilowatt hours
2002-07,MA,Massachusetts,IND,industrial,,8.62,78.32812,908.23987,number of customers,cents per kilowatt-hour,million dollars,million kilowatt hours
2002-07,MA,Massachusetts,COM,commercial,,11.13,252.9039,2273.00319,number of customers,cents per kilowatt-hour,million dollars,million kilowatt hours
2002-06,MA,Massachusetts,ALL,all sectors,,10.07,431.52433,4284.99311,number of customers,cents per kilowatt-hour,million dollars,million kilowatt hours
2002-06,MA,Massachusetts,TRA,transportation,,,,,number of customers,cents per kilowatt-hour,million dollars,million kilowatt hours
2002-06,MA,Massachusetts,RES,residential,,10.92,149.07657,1364.73476,number of customers,cents per kilowatt-hour,million dollars,million kilowatt hours
2002-06,MA,Massachusetts,OTH,other,,13.28,6.62398,49.86532,number of customers,cents per kilowatt-hour,million dollars,million kilowatt hours
2002-06,MA,Massachusetts,IND,industrial,,8.24,71.96322,873.62662,number of customers,cents per kilowatt-hour,million dollars,million kilowatt hours
2002-06,MA,Massachusetts,COM,commercial,,10.21,203.86056,1996.76641,number of customers,cents per kilowatt-hour,million dollars,million kilowatt hours
2002-05,MA,Massachusetts,ALL,all sectors,,9.48,386.11054,4072.20768,number of customers,cents per kilowatt-hour,million dollars,million kilowatt hours
2002-05,MA,Massachusetts,TRA,transportation,,,,,number of customers,cents per kilowatt-hour,million dollars,million kilowatt hours
2002-05,MA,Massachusetts,RES,residential,,10.66,139.14046,1305.67607,number of customers,cents per kilowatt-hour,million dollars,million kilowatt hours
2002-05,MA,Massachusetts,OTH,other,,12.47,6.47715,51.93558,number of customers,cents per kilowatt-hour,million dollars,million kilowatt hours
2002-05,MA,Massachusetts,IND,industrial,,7.86,64.63038,821.9619,number of customers,cents per kilowatt-hour,million dollars,million kilowatt hours
2002-05,MA,Massachusetts,COM,commercial,,9.29,175.86254,1892.63414,number of customers,cents per kilowatt-hour,million dollars,million kilowatt hours
2002-04,MA,Massachusetts,ALL,all sectors,,10.01,396.99399,3964.1767,number of customers,cents per kilowatt-hour,million dollars,million kilowatt hours
2002-04,MA,Massachusetts,TRA,transportation,,,,,number of customers,cents per kilowatt-hour,million dollars,million kilowatt hours
2002-04,MA,Massachusetts,RES,residential,,11.4,148.71916,1304.84068,number of customers,cents per kilowatt-hour,million dollars,million kilowatt hours
2002-04,MA,Massachusetts,OTH,other,,13.71,7.62451,55.63041,number of customers,cents per kilowatt-hour,million dollars,million kilowatt hours
2002-04,MA,Massachusetts,IND,industrial,,7.56,60.43564,799.76021,number of customers,cents per kilowatt-hour,million dollars,million kilowatt hours
2002-04,MA,Massachusetts,COM,commercial,,9.99,180.21468,1803.9454,number of customers,cents per kilowatt-hour,million dollars,million kilowatt hours
2002-03,MA,Massachusetts,ALL,all sectors,,9.78,420.79533,4301.76025,number of customers,cents per kilowatt-hour,million dollars,million kilowatt hours
2002-03,MA,Massachusetts,TRA,transportation,,,,,number of customers,cents per kilowatt-hour,million dollars,million kilowatt hours
2002-03,MA,Massachusetts,RES,residential,,11.1,164.09296,1478.56792,number of customers,cents per kilowatt-hour,million dollars,million kilowatt hours
2002-03,MA,Massachusetts,OTH,other,,13.21,7.64967,57.92175,number of customers,cents per kilowatt-hour,million dollars,million kilowatt hours
2002-03,MA,Massachusetts,IND,industrial,,7.96,65.0815,817.38672,number of customers,cents per kilowatt-hour,million dollars,million kilowatt hours
2002-03,MA,Massachusetts,COM,commercial,,9.44,183.97121,1947.88386,number of customers,cents per kilowatt-hour,million dollars,million kilowatt hours
2002-02,MA,Massachusetts,ALL,all sectors,,9.8,413.87072,4222.35562,number of customers,cents per kilowatt-hour,million dollars,million kilowatt hours
2002-02,MA,Massachusetts,TRA,transportation,,,,,number of customers,cents per kilowatt-hour,million dollars,million kilowatt hours
2002-02,MA,Massachusetts,RES,residential,,10.9,168.1448,1542.40093,number of customers,cents per kilowatt-hour,million dollars,million kilowatt hours
2002-02,MA,Massachusetts,OTH,other,,12.1,7.31667,60.44868,number of customers,cents per kilowatt-hour,million dollars,million kilowatt hours
2002-02,MA,Massachusetts,IND,industrial,,7.88,62.11311,788.62294,number of customers,cents per kilowatt-hour,million dollars,million kilowatt hours
2002-02,MA,Massachusetts,COM,commercial,,9.63,176.29614,1830.88307,number of customers,cents per kilowatt-hour,million dollars,million kilowatt hours
2002-01,MA,Massachusetts,ALL,all sectors,,10.51,475.30261,4523.60136,number of customers,cents per kilowatt-hour,million dollars,million kilowatt hours
2002-01,MA,Massachusetts,TRA,transportation,,,,,number of customers,cents per kilowatt-hour,million dollars,million kilowatt hours
2002-01,MA,Massachusetts,RES,residential,,11.65,195.51104,1678.02495,number of customers,cents per kilowatt-hour,million dollars,million kilowatt hours
2002-01,MA,Massachusetts,OTH,other,,13.94,8.28691,59.45977,number of customers,cents per kilowatt-hour,million dollars,million kilowatt hours
2002-01,MA,Massachusetts,IND,industrial,,8.51,69.06257,811.42225,number of customers,cents per kilowatt-hour,million dollars,million kilowatt hours
2002-01,MA,Massachusetts,COM,commercial,,10.25,202.44209,1974.69439,number of customers,cents per kilowatt-hour,million dollars,million kilowatt hours
2001-12,MA,Massachusetts,ALL,all sectors,,10.97,484.00221,4410.52502,number of customers,cents per kilowatt-hour,million dollars,million kilowatt hours
2001-12,MA,Massachusetts,TRA,transportation,,,,,number of customers,cents per kilowatt-hour,million dollars,million kilowatt hours
2001-12,MA,Massachusetts,RES,residential,,11.96,187.12274,1564.78666,number of customers,cents per kilowatt-hour,million dollars,million kilowatt hours
2001-12,MA,Massachusetts,OTH,other,,15.69,9.15592,58.34171,number of customers,cents per kilowatt-hour,million dollars,million kilowatt hours
2001-12,MA,Massachusetts,IND,industrial,,9.12,70.46997,773.0926,number of customers,cents per kilowatt-hour,million dollars,million kilowatt hours
2001-12,MA,Massachusetts,COM,commercial,,10.79,217.25359,2014.30405,number of customers,cents per kilowatt-hour,million dollars,million kilowatt hours
2001-11,MA,Massachusetts,ALL,all sectors,,11.06,446.81865,4040.47348,number of customers,cents per kilowatt-hour,million dollars,million kilowatt hours
2001-11,MA,Massachusetts,TRA,transportation,,,,,number of customers,cents per kilowatt-hour,million dollars,million kilowatt hours
2001-11,MA,Massachusetts,RES,residential,,12.74,167.03479,1310.85989,number of customers,cents per kilowatt-hour,million dollars,million kilowatt hours
2001-11,MA,Massachusetts,OTH,other,,16.29,9.49663,58.30756,number of customers,cents per kilowatt-hour,million dollars,million kilowatt hours
2001-11,MA,Massachusetts,IND,industrial,,8.16,64.77183,793.55085,number of customers,cents per kilowatt-hour,million dollars,million kilowatt hours
2001-11,MA,Massachusetts,COM,commercial,,10.94,205.51539,1877.75517,number of customers,cents per kilowatt-hour,million dollars,million kilowatt hours
2001-10,MA,Massachusetts,ALL,all sectors,,12.05,503.61301,4177.92854,number of customers,cents per kilowatt-hour,million dollars,million kilowatt hours
2001-10,MA,Massachusetts,TRA,transportation,,,,,number of customers,cents per kilowatt-hour,million dollars,million kilowatt hours
2001-10,MA,Massachusetts,RES,residential,,12.85,168.95145,1315.1991,number of customers,cents per kilowatt-hour,million dollars,million kilowatt hours
2001-10,MA,Massachusetts,OTH,other,,16.58,9.56407,57.69221,number of customers,cents per kilowatt-hour,million dollars,million kilowatt hours
2001-10,MA,Massachusetts,IND,industrial,,9.04,72.64552,803.23031,number of customers,cents per kilowatt-hour,million dollars,million kilowatt hours
2001-10,MA,Massachusetts,COM,commercial,,12.61,252.45197,2001.80692,number of customers,cents per kilowatt-hour,million dollars,million kilowatt hours
2001-09,MA,Massachusetts,ALL,all sectors,,13.03,545.95965,4190.54456,number of customers,cents per kilowatt-hour,million dollars,million kilowatt hours
2001-09,MA,Massachusetts,TRA,transportation,,,,,number of customers,cents per kilowatt-hour,million dollars,million kilowatt hours
2001-09,MA,Massachusetts,RES,residential,,12.97,183.40708,1414.14672,number of customers,cents per kilowatt-hour,million dollars,million kilowatt hours
2001-09,MA,Massachusetts,OTH,other,,14.68,7.97868,54.35399,number of customers,cents per kilowatt-hour,million dollars,million kilowatt hours
2001-09,MA,Massachusetts,IND,industrial,,9.74,77.26467,793.21854,number of customers,cents per kilowatt-hour,million dollars,million kilowatt hours
2001-09,MA,Massachusetts,COM,commercial,,14.38,277.30922,1928.82531,number of customers,cents per kilowatt-hour,million dollars,million kilowatt hours
2001-08,MA,Massachusetts,ALL,all sectors,,10.23,526.2766,5145.97463,number of customers,cents per kilowatt-hour,million dollars,million kilowatt hours
2001-08,MA,Massachusetts,TRA,transportation,,,,,number of customers,cents per kilowatt-hour,million dollars,million kilowatt hours
2001-08,MA,Massachusetts,RES,residential,,12.62,225.39979,1786.00872,number of customers,cents per kilowatt-hour,million dollars,million kilowatt hours
2001-08,MA,Massachusetts,OTH,other,,16.26,8.27522,50.87767,number of customers,cents per kilowatt-hour,million dollars,million kilowatt hours
2001-08,MA,Massachusetts,IND,industrial,,9.53,89.46842,938.57946,number of customers,cents per kilowatt-hour,million dollars,million kilowatt hours
2001-08,MA,Massachusetts,COM,commercial,,8.57,203.13317,2370.50878,number of customers,cents per kilowatt-hour,million dollars,million kilowatt hours
2001-07,MA,Massachusetts,ALL,all sectors,,13.35,615.84023,4611.46189,number of customers,cents per kilowatt-hour,million dollars,million kilowatt hours
2001-07,MA,Massachusetts,TRA,transportation,,,,,number of customers,cents per kilowatt-hour,million dollars,million kilowatt hours
2001-07,MA,Massachusetts,RES,residential,,13.24,211.29484,1596.44067,number of customers,cents per kilowatt-hour,million dollars,million kilowatt hours
2001-07,MA,Massachusetts,OTH,other,,15.91,7.01122,44.05846,number of customers,cents per kilowatt-hour,million dollars,million kilowatt hours
2001-07,MA,Massachusetts,IND,industrial,,10.83,89.71071,828.58981,number of customers,cents per kilowatt-hour,million dollars,million kilowatt hours
2001-07,MA,Massachusetts,COM,commercial,,14.37,307.82346,2142.37295,number of customers,cents per kilowatt-hour,million dollars,million kilowatt hours
2001-06,MA,Massachusetts,ALL,all sectors,,12.11,550.00986,4541.66346,number of customers,cents per kilowatt-hour,million dollars,million kilowatt hours
2001-06,MA,Massachusetts,TRA,transportation,,,,,number of customers,cents per kilowatt-hour,million dollars,million kilowatt hours
2001-06,MA,Massachusetts,RES,residential,,12.57,184.53119,1468.43349,number of customers,cents per kilowatt-hour,million dollars,million kilowatt hours
2001-06,MA,Massachusetts,OTH,other,,16.22,7.82314,48.22032,number of customers,cents per kilowatt-hour,million dollars,million kilowatt hours
2001-06,MA,Massachusetts,IND,industrial,,9.8,88.45365,902.38005,number of customers,cents per kilowatt-hour,million dollars,million kilowatt hours
2001-06,MA,Massachusetts,COM,commercial,,12.68,269.20188,2122.6296,number of customers,cents per kilowatt-hour,million dollars,million kilowatt hours
2001-05,MA,Massachusetts,ALL,all sectors,,11.45,469.15502,4097.92992,number of customers,cents per kilowatt-hour,million dollars,million kilowatt hours
2001-05,MA,Massachusetts,COM,commercial,,11.6,227.52855,1962.12597,number of customers,cents per kilowatt-hour,million dollars,million kilowatt hours
2001-05,MA,Massachusetts,IND,industrial,,9.34,78.32841,838.5801,number of customers,cents per kilowatt-hour,million dollars,million kilowatt hours
2001-05,MA,Massachusetts,OTH,other,,15.81,7.22327,45.67535,number of customers,cents per kilowatt-hour,million dollars,million kilowatt hours
2001-05,MA,Massachusetts,RES,residential,,12.47,156.07481,1251.54851,number of customers,cents per kilowatt-hour,million dollars,million kilowatt hours
2001-05,MA,Massachusetts,TRA,transportation,,,,,number of customers,cents per kilowatt-hour,million dollars,million kilowatt hours
2001-04,MA,Massachusetts,ALL,all sectors,,11.52,453.05578,3931.21075,number of customers,cents per kilowatt-hour,million dollars,million kilowatt hours
2001-04,MA,Massachusetts,TRA,transportation,,,,,number of customers,cents per kilowatt-hour,million dollars,million kilowatt hours
2001-04,MA,Massachusetts,RES,residential,,12.49,167.43977,1340.54361,number of customers,cents per kilowatt-hour,million dollars,million kilowatt hours
2001-04,MA,Massachusetts,OTH,other,,15.89,7.50494,47.23711,number of customers,cents per kilowatt-hour,million dollars,million kilowatt hours
2001-04,MA,Massachusetts,IND,industrial,,9.57,69.21561,722.90182,number of customers,cents per kilowatt-hour,million dollars,million kilowatt hours
2001-04,MA,Massachusetts,COM,commercial,,11.47,208.89546,1820.52822,number of customers,cents per kilowatt-hour,million dollars,million kilowatt hours
2001-03,MA,Massachusetts,RES,residential,,12.08,196.70326,1628.80073,number of customers,cents per kilowatt-hour,million dollars,million kilowatt hours
2001-03,MA,Massachusetts,OTH,other,,14.69,7.73141,52.63798,number of customers,cents per kilowatt-hour,million dollars,million kilowatt hours
2001-03,MA,Massachusetts,IND,industrial,,9.23,73.62825,797.51491,number of customers,cents per kilowatt-hour,million dollars,million kilowatt hours
2001-03,MA,Massachusetts,COM,commercial,,11.08,223.29954,2015.81042,number of customers,cents per kilowatt-hour,million dollars,million kilowatt hours
2001-03,MA,Massachusetts,ALL,all sectors,,11.15,501.36246,4494.76403,number of customers,cents per kilowatt-hour,million dollars,million kilowatt hours
2001-03,MA,Massachusetts,TRA,transportation,,,,,number of customers,cents per kilowatt-hour,million dollars,million kilowatt hours
2001-02,MA,Massachusetts,ALL,all sectors,,10.93,458.52448,4195.08441,number of customers,cents per kilowatt-hour,million dollars,million kilowatt hours
2001-02,MA,Massachusetts,COM,commercial,,10.94,200.98059,1837.95558,number of customers,cents per kilowatt-hour,million dollars,million kilowatt hours
2001-02,MA,Massachusetts,IND,industrial,,8.67,70.38907,812.01936,number of customers,cents per kilowatt-hour,million dollars,million kilowatt hours
2001-02,MA,Massachusetts,OTH,other,,14.36,7.62799,53.12251,number of customers,cents per kilowatt-hour,million dollars,million kilowatt hours
2001-02,MA,Massachusetts,RES,residential,,12.03,179.52683,1491.98696,number of customers,cents per kilowatt-hour,million dollars,million kilowatt hours
2001-02,MA,Massachusetts,TRA,transportation,,,,,number of customers,cents per kilowatt-hour,million dollars,million kilowatt hours
2001-01,MA,Massachusetts,ALL,all sectors,,10.9,507.58804,4658.51429,number of customers,cents per kilowatt-hour,million dollars,million kilowatt hours
2001-01,MA,Massachusetts,COM,commercial,,10.53,214.05919,2032.17703,number of customers,cents per kilowatt-hour,million dollars,million kilowatt hours
2001-01,MA,Massachusetts,IND,industrial,,9.32,70.20187,753.5532,number of customers,cents per kilowatt-hour,million dollars,million kilowatt hours
2001-01,MA,Massachusetts,OTH,other,,14.1,8.17752,58.00813,number of customers,cents per kilowatt-hour,million dollars,million kilowatt hours
2001-01,MA,Massachusetts,RES,residential,,11.86,215.14946,1814.77594,number of customers,cents per kilowatt-hour,million dollars,million kilowatt hours
2001-01,MA,Massachusetts,TRA,transportation,,,,,number of customers,cents per kilowatt-hour,million dollars,million kilowatt hours
